%YAML 1.1
%TAG !u! tag:unity3d.com,2011:
--- !u!29 &1
SceneSettings:
  m_ObjectHideFlags: 0
  m_PVSData: 
  m_PVSObjectsArray: []
  m_PVSPortalsArray: []
  m_OcclusionBakeSettings:
    smallestOccluder: 5
    smallestHole: .25
    backfaceThreshold: 100
--- !u!104 &2
RenderSettings:
  m_Fog: 0
  m_FogColor: {r: .5, g: .5, b: .5, a: 1}
  m_FogMode: 3
  m_FogDensity: .00999999978
  m_LinearFogStart: 0
  m_LinearFogEnd: 300
  m_AmbientLight: {r: .200000003, g: .200000003, b: .200000003, a: 1}
  m_SkyboxMaterial: {fileID: 0}
  m_HaloStrength: .5
  m_FlareStrength: 1
  m_FlareFadeSpeed: 3
  m_HaloTexture: {fileID: 0}
  m_SpotCookie: {fileID: 0}
  m_ObjectHideFlags: 0
--- !u!127 &3
LevelGameManager:
  m_ObjectHideFlags: 0
--- !u!157 &4
LightmapSettings:
  m_ObjectHideFlags: 0
  m_LightProbes: {fileID: 0}
  m_Lightmaps: []
  m_LightmapsMode: 1
  m_BakedColorSpace: 0
  m_UseDualLightmapsInForward: 0
  m_LightmapEditorSettings:
    m_Resolution: 50
    m_LastUsedResolution: 0
    m_TextureWidth: 1024
    m_TextureHeight: 1024
    m_BounceBoost: 1
    m_BounceIntensity: 1
    m_SkyLightColor: {r: .860000014, g: .930000007, b: 1, a: 1}
    m_SkyLightIntensity: 0
    m_Quality: 0
    m_Bounces: 1
    m_FinalGatherRays: 1000
    m_FinalGatherContrastThreshold: .0500000007
    m_FinalGatherGradientThreshold: 0
    m_FinalGatherInterpolationPoints: 15
    m_AOAmount: 0
    m_AOMaxDistance: .100000001
    m_AOContrast: 1
    m_LODSurfaceMappingDistance: 1
    m_Padding: 0
    m_TextureCompression: 0
    m_LockAtlas: 0
--- !u!196 &5
NavMeshSettings:
  m_ObjectHideFlags: 0
  m_BuildSettings:
    agentRadius: .5
    agentHeight: 2
    agentSlope: 45
    agentClimb: .400000006
    ledgeDropHeight: 0
    maxJumpAcrossDistance: 0
    accuratePlacement: 0
    minRegionArea: 2
    widthInaccuracy: 16.666666
    heightInaccuracy: 10
  m_NavMesh: {fileID: 0}
--- !u!1 &165819613
GameObject:
  m_ObjectHideFlags: 0
  m_PrefabParentObject: {fileID: 100000, guid: 56b7eb9076d51454295d5b2359301e97, type: 3}
  m_PrefabInternal: {fileID: 768841880}
  serializedVersion: 4
  m_Component:
  - 4: {fileID: 165819617}
  - 33: {fileID: 165819616}
  - 23: {fileID: 165819615}
  - 95: {fileID: 165819614}
  m_Layer: 0
  m_Name: Wall_Wooden
  m_TagString: Untagged
  m_Icon: {fileID: 0}
  m_NavMeshLayer: 0
  m_StaticEditorFlags: 0
  m_IsActive: 1
--- !u!95 &165819614
Animator:
  serializedVersion: 2
  m_ObjectHideFlags: 0
  m_PrefabParentObject: {fileID: 9500000, guid: 56b7eb9076d51454295d5b2359301e97,
    type: 3}
  m_PrefabInternal: {fileID: 768841880}
  m_GameObject: {fileID: 165819613}
  m_Enabled: 1
  m_Avatar: {fileID: 9000000, guid: 56b7eb9076d51454295d5b2359301e97, type: 3}
  m_Controller: {fileID: 0}
  m_CullingMode: 0
  m_ApplyRootMotion: 1
  m_AnimatePhysics: 0
  m_HasTransformHierarchy: 1
--- !u!23 &165819615
Renderer:
  m_ObjectHideFlags: 0
  m_PrefabParentObject: {fileID: 2300000, guid: 56b7eb9076d51454295d5b2359301e97,
    type: 3}
  m_PrefabInternal: {fileID: 768841880}
  m_GameObject: {fileID: 165819613}
  m_Enabled: 1
  m_CastShadows: 1
  m_ReceiveShadows: 1
  m_LightmapIndex: 255
  m_LightmapTilingOffset: {x: 1, y: 1, z: 0, w: 0}
  m_Materials:
  - {fileID: 2100000, guid: f00cb21873a2c794db04646845165006, type: 2}
  m_SubsetIndices: 
  m_StaticBatchRoot: {fileID: 0}
  m_UseLightProbes: 0
  m_LightProbeAnchor: {fileID: 0}
  m_ScaleInLightmap: 1
  m_SortingLayer: 0
  m_SortingOrder: 0
  m_SortingLayerID: 0
--- !u!33 &165819616
MeshFilter:
  m_ObjectHideFlags: 0
  m_PrefabParentObject: {fileID: 3300000, guid: 56b7eb9076d51454295d5b2359301e97,
    type: 3}
  m_PrefabInternal: {fileID: 768841880}
  m_GameObject: {fileID: 165819613}
  m_Mesh: {fileID: 4300000, guid: 56b7eb9076d51454295d5b2359301e97, type: 3}
--- !u!4 &165819617
Transform:
  m_ObjectHideFlags: 0
  m_PrefabParentObject: {fileID: 400000, guid: 56b7eb9076d51454295d5b2359301e97, type: 3}
  m_PrefabInternal: {fileID: 768841880}
  m_GameObject: {fileID: 165819613}
  m_LocalRotation: {x: 0, y: -0, z: -0, w: 1}
  m_LocalPosition: {x: -0, y: 0, z: 0}
  m_LocalScale: {x: 1, y: 1, z: 1}
  m_Children: []
  m_Father: {fileID: 0}
--- !u!1 &169226602
GameObject:
  m_ObjectHideFlags: 0
  m_PrefabParentObject: {fileID: 100010, guid: 9a497b8f88b009841bf8cc420ea6bd09, type: 2}
  m_PrefabInternal: {fileID: 1190172731}
  serializedVersion: 4
  m_Component:
  - 4: {fileID: 169226603}
  m_Layer: 0
  m_Name: Rocket
  m_TagString: Untagged
  m_Icon: {fileID: 0}
  m_NavMeshLayer: 0
  m_StaticEditorFlags: 0
  m_IsActive: 1
--- !u!4 &169226603
Transform:
  m_ObjectHideFlags: 0
  m_PrefabParentObject: {fileID: 400010, guid: 9a497b8f88b009841bf8cc420ea6bd09, type: 2}
  m_PrefabInternal: {fileID: 1190172731}
  m_GameObject: {fileID: 169226602}
  m_LocalRotation: {x: 0, y: 0, z: 0, w: 1}
  m_LocalPosition: {x: .0149999997, y: -.529999971, z: 0}
  m_LocalScale: {x: 10, y: 10, z: 10}
  m_Children:
  - {fileID: 417852545}
  - {fileID: 329046524}
  m_Father: {fileID: 1357110293}
--- !u!1 &202780837
GameObject:
  m_ObjectHideFlags: 0
  m_PrefabParentObject: {fileID: 100022, guid: 9a497b8f88b009841bf8cc420ea6bd09, type: 2}
  m_PrefabInternal: {fileID: 1190172731}
  serializedVersion: 4
  m_Component:
  - 4: {fileID: 202780838}
  - 33: {fileID: 202780840}
  - 23: {fileID: 202780839}
  m_Layer: 0
  m_Name: Rocket
  m_TagString: Untagged
  m_Icon: {fileID: 0}
  m_NavMeshLayer: 0
  m_StaticEditorFlags: 0
  m_IsActive: 1
--- !u!4 &202780838
Transform:
  m_ObjectHideFlags: 0
  m_PrefabParentObject: {fileID: 400022, guid: 9a497b8f88b009841bf8cc420ea6bd09, type: 2}
  m_PrefabInternal: {fileID: 1190172731}
  m_GameObject: {fileID: 202780837}
  m_LocalRotation: {x: 0, y: -0, z: 0, w: 1}
  m_LocalPosition: {x: -.00283008278, y: .0370906815, z: 0}
  m_LocalScale: {x: 1, y: 1, z: 1}
  m_Children: []
  m_Father: {fileID: 711858219}
--- !u!23 &202780839
Renderer:
  m_ObjectHideFlags: 0
  m_PrefabParentObject: {fileID: 2300010, guid: 9a497b8f88b009841bf8cc420ea6bd09,
    type: 2}
  m_PrefabInternal: {fileID: 1190172731}
  m_GameObject: {fileID: 202780837}
  m_Enabled: 1
  m_CastShadows: 1
  m_ReceiveShadows: 1
  m_LightmapIndex: 255
  m_LightmapTilingOffset: {x: 1, y: 1, z: 0, w: 0}
  m_Materials:
  - {fileID: 2100000, guid: 714178d99e26f76468710bed75edf34d, type: 2}
  m_SubsetIndices: 
  m_StaticBatchRoot: {fileID: 0}
  m_UseLightProbes: 0
  m_LightProbeAnchor: {fileID: 0}
  m_ScaleInLightmap: 1
  m_SortingLayer: 0
  m_SortingOrder: 0
  m_SortingLayerID: 0
--- !u!33 &202780840
MeshFilter:
  m_ObjectHideFlags: 0
  m_PrefabParentObject: {fileID: 3300012, guid: 9a497b8f88b009841bf8cc420ea6bd09,
    type: 2}
  m_PrefabInternal: {fileID: 1190172731}
  m_GameObject: {fileID: 202780837}
  m_Mesh: {fileID: 4300000, guid: 48ecfce0d80462845a09307afc4f038a, type: 3}
--- !u!1 &329046523
GameObject:
  m_ObjectHideFlags: 0
  m_PrefabParentObject: {fileID: 100008, guid: 9a497b8f88b009841bf8cc420ea6bd09, type: 2}
  m_PrefabInternal: {fileID: 1190172731}
  serializedVersion: 4
  m_Component:
  - 4: {fileID: 329046524}
  - 33: {fileID: 329046526}
  - 23: {fileID: 329046525}
  m_Layer: 0
  m_Name: Rocket_Stick
  m_TagString: Untagged
  m_Icon: {fileID: 0}
  m_NavMeshLayer: 0
  m_StaticEditorFlags: 0
  m_IsActive: 1
--- !u!4 &329046524
Transform:
  m_ObjectHideFlags: 0
  m_PrefabParentObject: {fileID: 400008, guid: 9a497b8f88b009841bf8cc420ea6bd09, type: 2}
  m_PrefabInternal: {fileID: 1190172731}
  m_GameObject: {fileID: 329046523}
  m_LocalRotation: {x: 0, y: -0, z: 0, w: 1}
  m_LocalPosition: {x: .00248771533, y: 0, z: 0}
  m_LocalScale: {x: 1, y: 1, z: 1}
  m_Children: []
  m_Father: {fileID: 169226603}
--- !u!23 &329046525
Renderer:
  m_ObjectHideFlags: 0
  m_PrefabParentObject: {fileID: 2300004, guid: 9a497b8f88b009841bf8cc420ea6bd09,
    type: 2}
  m_PrefabInternal: {fileID: 1190172731}
  m_GameObject: {fileID: 329046523}
  m_Enabled: 1
  m_CastShadows: 1
  m_ReceiveShadows: 1
  m_LightmapIndex: 255
  m_LightmapTilingOffset: {x: 1, y: 1, z: 0, w: 0}
  m_Materials:
  - {fileID: 2100000, guid: 852cb03809a9df34193089e69dd991f1, type: 2}
  m_SubsetIndices: 
  m_StaticBatchRoot: {fileID: 0}
  m_UseLightProbes: 0
  m_LightProbeAnchor: {fileID: 0}
  m_ScaleInLightmap: 1
  m_SortingLayer: 0
  m_SortingOrder: 0
  m_SortingLayerID: 0
--- !u!33 &329046526
MeshFilter:
  m_ObjectHideFlags: 0
  m_PrefabParentObject: {fileID: 3300006, guid: 9a497b8f88b009841bf8cc420ea6bd09,
    type: 2}
  m_PrefabInternal: {fileID: 1190172731}
  m_GameObject: {fileID: 329046523}
  m_Mesh: {fileID: 4300002, guid: 48ecfce0d80462845a09307afc4f038a, type: 3}
--- !u!1 &417852544
GameObject:
  m_ObjectHideFlags: 0
  m_PrefabParentObject: {fileID: 100006, guid: 9a497b8f88b009841bf8cc420ea6bd09, type: 2}
  m_PrefabInternal: {fileID: 1190172731}
  serializedVersion: 4
  m_Component:
  - 4: {fileID: 417852545}
  - 33: {fileID: 417852547}
  - 23: {fileID: 417852546}
  m_Layer: 0
  m_Name: Rocket
  m_TagString: Untagged
  m_Icon: {fileID: 0}
  m_NavMeshLayer: 0
  m_StaticEditorFlags: 0
  m_IsActive: 1
--- !u!4 &417852545
Transform:
  m_ObjectHideFlags: 0
  m_PrefabParentObject: {fileID: 400006, guid: 9a497b8f88b009841bf8cc420ea6bd09, type: 2}
  m_PrefabInternal: {fileID: 1190172731}
  m_GameObject: {fileID: 417852544}
  m_LocalRotation: {x: 0, y: -0, z: 0, w: 1}
  m_LocalPosition: {x: -.00283008278, y: .0370906815, z: 0}
  m_LocalScale: {x: 1, y: 1, z: 1}
  m_Children: []
  m_Father: {fileID: 169226603}
--- !u!23 &417852546
Renderer:
  m_ObjectHideFlags: 0
  m_PrefabParentObject: {fileID: 2300002, guid: 9a497b8f88b009841bf8cc420ea6bd09,
    type: 2}
  m_PrefabInternal: {fileID: 1190172731}
  m_GameObject: {fileID: 417852544}
  m_Enabled: 1
  m_CastShadows: 1
  m_ReceiveShadows: 1
  m_LightmapIndex: 255
  m_LightmapTilingOffset: {x: 1, y: 1, z: 0, w: 0}
  m_Materials:
  - {fileID: 2100000, guid: 714178d99e26f76468710bed75edf34d, type: 2}
  m_SubsetIndices: 
  m_StaticBatchRoot: {fileID: 0}
  m_UseLightProbes: 0
  m_LightProbeAnchor: {fileID: 0}
  m_ScaleInLightmap: 1
  m_SortingLayer: 0
  m_SortingOrder: 0
  m_SortingLayerID: 0
--- !u!33 &417852547
MeshFilter:
  m_ObjectHideFlags: 0
  m_PrefabParentObject: {fileID: 3300004, guid: 9a497b8f88b009841bf8cc420ea6bd09,
    type: 2}
  m_PrefabInternal: {fileID: 1190172731}
  m_GameObject: {fileID: 417852544}
  m_Mesh: {fileID: 4300000, guid: 48ecfce0d80462845a09307afc4f038a, type: 3}
--- !u!1 &457590590
GameObject:
  m_ObjectHideFlags: 0
  m_PrefabParentObject: {fileID: 100000, guid: 9a497b8f88b009841bf8cc420ea6bd09, type: 2}
  m_PrefabInternal: {fileID: 1190172731}
  serializedVersion: 4
  m_Component:
  - 4: {fileID: 457590591}
  - 33: {fileID: 457590594}
  - 65: {fileID: 457590593}
  - 54: {fileID: 457590592}
  - 114: {fileID: 457590595}
  - 114: {fileID: 457590596}
  m_Layer: 8
  m_Name: Rocket Pack
  m_TagString: Untagged
  m_Icon: {fileID: 0}
  m_NavMeshLayer: 0
  m_StaticEditorFlags: 0
  m_IsActive: 1
--- !u!4 &457590591
Transform:
  m_ObjectHideFlags: 0
  m_PrefabParentObject: {fileID: 400000, guid: 9a497b8f88b009841bf8cc420ea6bd09, type: 2}
  m_PrefabInternal: {fileID: 1190172731}
  m_GameObject: {fileID: 457590590}
  m_LocalRotation: {x: 0, y: 0, z: 0, w: 1}
  m_LocalPosition: {x: 0, y: .026982069, z: -3.3773632}
  m_LocalScale: {x: 1, y: 1, z: 1}
  m_Children:
  - {fileID: 1454014709}
  - {fileID: 1837917739}
  - {fileID: 1485418220}
  - {fileID: 1366276852}
  - {fileID: 1357110293}
  - {fileID: 1895954244}
  m_Father: {fileID: 0}
--- !u!54 &457590592
Rigidbody:
  m_ObjectHideFlags: 0
  m_PrefabParentObject: {fileID: 5400000, guid: 9a497b8f88b009841bf8cc420ea6bd09,
    type: 2}
  m_PrefabInternal: {fileID: 1190172731}
  m_GameObject: {fileID: 457590590}
  serializedVersion: 2
  m_Mass: .75
  m_Drag: 0
  m_AngularDrag: .0500000007
  m_UseGravity: 1
  m_IsKinematic: 0
  m_Interpolate: 0
  m_Constraints: 56
  m_CollisionDetection: 0
--- !u!65 &457590593
BoxCollider:
  m_ObjectHideFlags: 0
  m_PrefabParentObject: {fileID: 6500000, guid: 9a497b8f88b009841bf8cc420ea6bd09,
    type: 2}
  m_PrefabInternal: {fileID: 1190172731}
  m_GameObject: {fileID: 457590590}
  m_Material: {fileID: 0}
  m_IsTrigger: 0
  m_Enabled: 1
  serializedVersion: 2
  m_Size: {x: 1, y: 1, z: 1}
  m_Center: {x: 0, y: 0, z: 0}
--- !u!33 &457590594
MeshFilter:
  m_ObjectHideFlags: 0
  m_PrefabParentObject: {fileID: 3300000, guid: 9a497b8f88b009841bf8cc420ea6bd09,
    type: 2}
  m_PrefabInternal: {fileID: 1190172731}
  m_GameObject: {fileID: 457590590}
  m_Mesh: {fileID: 10202, guid: 0000000000000000e000000000000000, type: 0}
--- !u!114 &457590595
MonoBehaviour:
  m_ObjectHideFlags: 0
  m_PrefabParentObject: {fileID: 11400000, guid: 9a497b8f88b009841bf8cc420ea6bd09,
    type: 2}
  m_PrefabInternal: {fileID: 1190172731}
  m_GameObject: {fileID: 457590590}
  m_Enabled: 1
  m_EditorHideFlags: 0
  m_Script: {fileID: 11500000, guid: 418d7cda21ec73947b88fac74ef845f4, type: 3}
  m_Name: 
  m_EditorClassIdentifier: 
  TimeBetweenLaunches: .300000012
  TotalLaunches: 10
  PushLauncherForce: -2
  ProjectilePrefab: {fileID: 100000, guid: d047e5ef02263034c80720227688df7a, type: 2}
  DestroyWhenDoneLaunching:
  - {fileID: 1454014708}
  - {fileID: 1837917738}
  - {fileID: 1485418219}
  - {fileID: 1366276851}
  - {fileID: 1357110292}
  ApplyMatOnExp: {fileID: 2100000, guid: 34f737fa7889bc74daa34649012991aa, type: 2}
  ArtObj: {fileID: 1895954243}
--- !u!114 &457590596
MonoBehaviour:
  m_ObjectHideFlags: 0
  m_PrefabParentObject: {fileID: 11400002, guid: 9a497b8f88b009841bf8cc420ea6bd09,
    type: 2}
  m_PrefabInternal: {fileID: 1190172731}
  m_GameObject: {fileID: 457590590}
  m_Enabled: 1
  m_EditorHideFlags: 0
  m_Script: {fileID: 11500000, guid: a90c7aaa5b91c834b9665feb520a817a, type: 3}
  m_Name: 
  m_EditorClassIdentifier: 
--- !u!1001 &474600009
Prefab:
  m_ObjectHideFlags: 0
  serializedVersion: 2
  m_Modification:
    m_TransformParent: {fileID: 0}
    m_Modifications:
    - target: {fileID: 400000, guid: 284f77b37e2aa8847b9814510eb94b9b, type: 2}
      propertyPath: m_LocalPosition.x
      value: .0314258151
      objectReference: {fileID: 0}
    - target: {fileID: 400000, guid: 284f77b37e2aa8847b9814510eb94b9b, type: 2}
      propertyPath: m_LocalPosition.y
      value: .125334337
      objectReference: {fileID: 0}
    - target: {fileID: 400000, guid: 284f77b37e2aa8847b9814510eb94b9b, type: 2}
      propertyPath: m_LocalPosition.z
      value: -4.25322104
      objectReference: {fileID: 0}
    - target: {fileID: 400000, guid: 284f77b37e2aa8847b9814510eb94b9b, type: 2}
      propertyPath: m_LocalRotation.x
      value: 0
      objectReference: {fileID: 0}
    - target: {fileID: 400000, guid: 284f77b37e2aa8847b9814510eb94b9b, type: 2}
      propertyPath: m_LocalRotation.y
      value: 0
      objectReference: {fileID: 0}
    - target: {fileID: 400000, guid: 284f77b37e2aa8847b9814510eb94b9b, type: 2}
      propertyPath: m_LocalRotation.z
      value: 0
      objectReference: {fileID: 0}
    - target: {fileID: 400000, guid: 284f77b37e2aa8847b9814510eb94b9b, type: 2}
      propertyPath: m_LocalRotation.w
      value: 1
      objectReference: {fileID: 0}
    m_RemovedComponents: []
  m_ParentPrefab: {fileID: 100100000, guid: 284f77b37e2aa8847b9814510eb94b9b, type: 2}
  m_RootGameObject: {fileID: 1319956750}
  m_IsPrefabParent: 0
  m_IsExploded: 1
--- !u!1 &528300085
GameObject:
  m_ObjectHideFlags: 0
  m_PrefabParentObject: {fileID: 100024, guid: 9a497b8f88b009841bf8cc420ea6bd09, type: 2}
  m_PrefabInternal: {fileID: 1190172731}
  serializedVersion: 4
  m_Component:
  - 4: {fileID: 528300086}
  - 33: {fileID: 528300088}
  - 23: {fileID: 528300087}
  m_Layer: 0
  m_Name: Rocket_Stick
  m_TagString: Untagged
  m_Icon: {fileID: 0}
  m_NavMeshLayer: 0
  m_StaticEditorFlags: 0
  m_IsActive: 1
--- !u!4 &528300086
Transform:
  m_ObjectHideFlags: 0
  m_PrefabParentObject: {fileID: 400024, guid: 9a497b8f88b009841bf8cc420ea6bd09, type: 2}
  m_PrefabInternal: {fileID: 1190172731}
  m_GameObject: {fileID: 528300085}
  m_LocalRotation: {x: 0, y: -0, z: 0, w: 1}
  m_LocalPosition: {x: .00248771533, y: 0, z: 0}
  m_LocalScale: {x: 1, y: 1, z: 1}
  m_Children: []
  m_Father: {fileID: 711858219}
--- !u!23 &528300087
Renderer:
  m_ObjectHideFlags: 0
  m_PrefabParentObject: {fileID: 2300012, guid: 9a497b8f88b009841bf8cc420ea6bd09,
    type: 2}
  m_PrefabInternal: {fileID: 1190172731}
  m_GameObject: {fileID: 528300085}
  m_Enabled: 1
  m_CastShadows: 1
  m_ReceiveShadows: 1
  m_LightmapIndex: 255
  m_LightmapTilingOffset: {x: 1, y: 1, z: 0, w: 0}
  m_Materials:
  - {fileID: 2100000, guid: 852cb03809a9df34193089e69dd991f1, type: 2}
  m_SubsetIndices: 
  m_StaticBatchRoot: {fileID: 0}
  m_UseLightProbes: 0
  m_LightProbeAnchor: {fileID: 0}
  m_ScaleInLightmap: 1
  m_SortingLayer: 0
  m_SortingOrder: 0
  m_SortingLayerID: 0
--- !u!33 &528300088
MeshFilter:
  m_ObjectHideFlags: 0
  m_PrefabParentObject: {fileID: 3300014, guid: 9a497b8f88b009841bf8cc420ea6bd09,
    type: 2}
  m_PrefabInternal: {fileID: 1190172731}
  m_GameObject: {fileID: 528300085}
  m_Mesh: {fileID: 4300002, guid: 48ecfce0d80462845a09307afc4f038a, type: 3}
--- !u!1 &545439332
GameObject:
  m_ObjectHideFlags: 0
  m_PrefabParentObject: {fileID: 100028, guid: 9a497b8f88b009841bf8cc420ea6bd09, type: 2}
  m_PrefabInternal: {fileID: 1190172731}
  serializedVersion: 4
  m_Component:
  - 4: {fileID: 545439333}
  m_Layer: 0
  m_Name: Rocket
  m_TagString: Untagged
  m_Icon: {fileID: 0}
  m_NavMeshLayer: 0
  m_StaticEditorFlags: 0
  m_IsActive: 1
--- !u!4 &545439333
Transform:
  m_ObjectHideFlags: 0
  m_PrefabParentObject: {fileID: 400028, guid: 9a497b8f88b009841bf8cc420ea6bd09, type: 2}
  m_PrefabInternal: {fileID: 1190172731}
  m_GameObject: {fileID: 545439332}
  m_LocalRotation: {x: 0, y: 0, z: 0, w: 1}
  m_LocalPosition: {x: .0149999997, y: -.529999971, z: 0}
  m_LocalScale: {x: 10, y: 10, z: 10}
  m_Children:
  - {fileID: 727824363}
  - {fileID: 749390794}
  m_Father: {fileID: 1837917739}
--- !u!1001 &612335436
Prefab:
  m_ObjectHideFlags: 0
  serializedVersion: 2
  m_Modification:
    m_TransformParent: {fileID: 0}
    m_Modifications:
    - target: {fileID: 400000, guid: cf728749c9f00cc4498498618477e92b, type: 3}
      propertyPath: m_LocalPosition.x
      value: -.0171030164
      objectReference: {fileID: 0}
    - target: {fileID: 400000, guid: cf728749c9f00cc4498498618477e92b, type: 3}
      propertyPath: m_LocalPosition.y
      value: 0
      objectReference: {fileID: 0}
    - target: {fileID: 400000, guid: cf728749c9f00cc4498498618477e92b, type: 3}
      propertyPath: m_LocalPosition.z
      value: -.156170845
      objectReference: {fileID: 0}
    - target: {fileID: 400000, guid: cf728749c9f00cc4498498618477e92b, type: 3}
      propertyPath: m_LocalRotation.x
      value: 0
      objectReference: {fileID: 0}
    - target: {fileID: 400000, guid: cf728749c9f00cc4498498618477e92b, type: 3}
      propertyPath: m_LocalRotation.y
      value: -0
      objectReference: {fileID: 0}
    - target: {fileID: 400000, guid: cf728749c9f00cc4498498618477e92b, type: 3}
      propertyPath: m_LocalRotation.z
      value: -0
      objectReference: {fileID: 0}
    - target: {fileID: 400000, guid: cf728749c9f00cc4498498618477e92b, type: 3}
      propertyPath: m_LocalRotation.w
      value: 1
      objectReference: {fileID: 0}
    m_RemovedComponents:
    - {fileID: 9500000, guid: cf728749c9f00cc4498498618477e92b, type: 3}
  m_ParentPrefab: {fileID: 100100000, guid: cf728749c9f00cc4498498618477e92b, type: 3}
  m_RootGameObject: {fileID: 983537461}
  m_IsPrefabParent: 0
  m_IsExploded: 1
--- !u!1001 &657350421
Prefab:
  m_ObjectHideFlags: 0
  serializedVersion: 2
  m_Modification:
    m_TransformParent: {fileID: 0}
    m_Modifications:
    - target: {fileID: 400000, guid: 16df27461aebea24897e645c7a167ea2, type: 2}
      propertyPath: m_LocalPosition.x
      value: 0
      objectReference: {fileID: 0}
    - target: {fileID: 400000, guid: 16df27461aebea24897e645c7a167ea2, type: 2}
      propertyPath: m_LocalPosition.y
      value: 0
      objectReference: {fileID: 0}
    - target: {fileID: 400000, guid: 16df27461aebea24897e645c7a167ea2, type: 2}
      propertyPath: m_LocalPosition.z
      value: -1.32284677
      objectReference: {fileID: 0}
    - target: {fileID: 400000, guid: 16df27461aebea24897e645c7a167ea2, type: 2}
      propertyPath: m_LocalRotation.x
      value: 0
      objectReference: {fileID: 0}
    - target: {fileID: 400000, guid: 16df27461aebea24897e645c7a167ea2, type: 2}
      propertyPath: m_LocalRotation.y
      value: 0
      objectReference: {fileID: 0}
    - target: {fileID: 400000, guid: 16df27461aebea24897e645c7a167ea2, type: 2}
      propertyPath: m_LocalRotation.z
      value: 0
      objectReference: {fileID: 0}
    - target: {fileID: 400000, guid: 16df27461aebea24897e645c7a167ea2, type: 2}
      propertyPath: m_LocalRotation.w
      value: 1
      objectReference: {fileID: 0}
    m_RemovedComponents: []
  m_ParentPrefab: {fileID: 100100000, guid: 16df27461aebea24897e645c7a167ea2, type: 2}
  m_RootGameObject: {fileID: 1325544503}
  m_IsPrefabParent: 0
  m_IsExploded: 1
--- !u!1 &663366041
GameObject:
  m_ObjectHideFlags: 0
  m_PrefabParentObject: {fileID: 100000, guid: df99ed6371091564397238f14cf52af2, type: 3}
  m_PrefabInternal: {fileID: 689333213}
  serializedVersion: 4
  m_Component:
  - 4: {fileID: 663366045}
  - 33: {fileID: 663366044}
  - 23: {fileID: 663366043}
  m_Layer: 0
  m_Name: Wall_Metal
  m_TagString: Untagged
  m_Icon: {fileID: 0}
  m_NavMeshLayer: 0
  m_StaticEditorFlags: 0
  m_IsActive: 1
--- !u!23 &663366043
Renderer:
  m_ObjectHideFlags: 0
  m_PrefabParentObject: {fileID: 2300000, guid: df99ed6371091564397238f14cf52af2,
    type: 3}
  m_PrefabInternal: {fileID: 689333213}
  m_GameObject: {fileID: 663366041}
  m_Enabled: 1
  m_CastShadows: 1
  m_ReceiveShadows: 1
  m_LightmapIndex: 255
  m_LightmapTilingOffset: {x: 1, y: 1, z: 0, w: 0}
  m_Materials:
  - {fileID: 2100000, guid: ef808d1f413cd2447bdb478b47479fba, type: 2}
  m_SubsetIndices: 
  m_StaticBatchRoot: {fileID: 0}
  m_UseLightProbes: 0
  m_LightProbeAnchor: {fileID: 0}
  m_ScaleInLightmap: 1
  m_SortingLayer: 0
  m_SortingOrder: 0
  m_SortingLayerID: 0
--- !u!33 &663366044
MeshFilter:
  m_ObjectHideFlags: 0
  m_PrefabParentObject: {fileID: 3300000, guid: df99ed6371091564397238f14cf52af2,
    type: 3}
  m_PrefabInternal: {fileID: 689333213}
  m_GameObject: {fileID: 663366041}
  m_Mesh: {fileID: 4300000, guid: df99ed6371091564397238f14cf52af2, type: 3}
--- !u!4 &663366045
Transform:
  m_ObjectHideFlags: 0
  m_PrefabParentObject: {fileID: 400000, guid: df99ed6371091564397238f14cf52af2, type: 3}
  m_PrefabInternal: {fileID: 689333213}
  m_GameObject: {fileID: 663366041}
  m_LocalRotation: {x: 0, y: -0, z: -0, w: 1}
  m_LocalPosition: {x: -.0539023988, y: 0, z: .0010433346}
  m_LocalScale: {x: 1, y: 1, z: 1}
  m_Children: []
  m_Father: {fileID: 0}
--- !u!1001 &689333213
Prefab:
  m_ObjectHideFlags: 0
  serializedVersion: 2
  m_Modification:
    m_TransformParent: {fileID: 0}
    m_Modifications:
    - target: {fileID: 400000, guid: df99ed6371091564397238f14cf52af2, type: 3}
      propertyPath: m_LocalPosition.x
      value: -.0539023988
      objectReference: {fileID: 0}
    - target: {fileID: 400000, guid: df99ed6371091564397238f14cf52af2, type: 3}
      propertyPath: m_LocalPosition.y
      value: 0
      objectReference: {fileID: 0}
    - target: {fileID: 400000, guid: df99ed6371091564397238f14cf52af2, type: 3}
      propertyPath: m_LocalPosition.z
      value: .0010433346
      objectReference: {fileID: 0}
    - target: {fileID: 400000, guid: df99ed6371091564397238f14cf52af2, type: 3}
      propertyPath: m_LocalRotation.x
      value: 0
      objectReference: {fileID: 0}
    - target: {fileID: 400000, guid: df99ed6371091564397238f14cf52af2, type: 3}
      propertyPath: m_LocalRotation.y
      value: -0
      objectReference: {fileID: 0}
    - target: {fileID: 400000, guid: df99ed6371091564397238f14cf52af2, type: 3}
      propertyPath: m_LocalRotation.z
      value: -0
      objectReference: {fileID: 0}
    - target: {fileID: 400000, guid: df99ed6371091564397238f14cf52af2, type: 3}
      propertyPath: m_LocalRotation.w
      value: 1
      objectReference: {fileID: 0}
    m_RemovedComponents:
    - {fileID: 9500000, guid: df99ed6371091564397238f14cf52af2, type: 3}
  m_ParentPrefab: {fileID: 100100000, guid: df99ed6371091564397238f14cf52af2, type: 3}
  m_RootGameObject: {fileID: 663366041}
  m_IsPrefabParent: 0
  m_IsExploded: 1
--- !u!1 &711858218
GameObject:
  m_ObjectHideFlags: 0
  m_PrefabParentObject: {fileID: 100026, guid: 9a497b8f88b009841bf8cc420ea6bd09, type: 2}
  m_PrefabInternal: {fileID: 1190172731}
  serializedVersion: 4
  m_Component:
  - 4: {fileID: 711858219}
  m_Layer: 0
  m_Name: Rocket
  m_TagString: Untagged
  m_Icon: {fileID: 0}
  m_NavMeshLayer: 0
  m_StaticEditorFlags: 0
  m_IsActive: 1
--- !u!4 &711858219
Transform:
  m_ObjectHideFlags: 0
  m_PrefabParentObject: {fileID: 400026, guid: 9a497b8f88b009841bf8cc420ea6bd09, type: 2}
  m_PrefabInternal: {fileID: 1190172731}
  m_GameObject: {fileID: 711858218}
  m_LocalRotation: {x: 0, y: 0, z: 0, w: 1}
  m_LocalPosition: {x: .0149999997, y: -.529999971, z: 0}
  m_LocalScale: {x: 10, y: 10, z: 10}
  m_Children:
  - {fileID: 202780838}
  - {fileID: 528300086}
  m_Father: {fileID: 1485418220}
--- !u!1 &727824362
GameObject:
  m_ObjectHideFlags: 0
  m_PrefabParentObject: {fileID: 100032, guid: 9a497b8f88b009841bf8cc420ea6bd09, type: 2}
  m_PrefabInternal: {fileID: 1190172731}
  serializedVersion: 4
  m_Component:
  - 4: {fileID: 727824363}
  - 33: {fileID: 727824365}
  - 23: {fileID: 727824364}
  m_Layer: 0
  m_Name: Rocket
  m_TagString: Untagged
  m_Icon: {fileID: 0}
  m_NavMeshLayer: 0
  m_StaticEditorFlags: 0
  m_IsActive: 1
--- !u!4 &727824363
Transform:
  m_ObjectHideFlags: 0
  m_PrefabParentObject: {fileID: 400032, guid: 9a497b8f88b009841bf8cc420ea6bd09, type: 2}
  m_PrefabInternal: {fileID: 1190172731}
  m_GameObject: {fileID: 727824362}
  m_LocalRotation: {x: 0, y: -0, z: 0, w: 1}
  m_LocalPosition: {x: -.00283008278, y: .0370906815, z: 0}
  m_LocalScale: {x: 1, y: 1, z: 1}
  m_Children: []
  m_Father: {fileID: 545439333}
--- !u!23 &727824364
Renderer:
  m_ObjectHideFlags: 0
  m_PrefabParentObject: {fileID: 2300016, guid: 9a497b8f88b009841bf8cc420ea6bd09,
    type: 2}
  m_PrefabInternal: {fileID: 1190172731}
  m_GameObject: {fileID: 727824362}
  m_Enabled: 1
  m_CastShadows: 1
  m_ReceiveShadows: 1
  m_LightmapIndex: 255
  m_LightmapTilingOffset: {x: 1, y: 1, z: 0, w: 0}
  m_Materials:
  - {fileID: 2100000, guid: 714178d99e26f76468710bed75edf34d, type: 2}
  m_SubsetIndices: 
  m_StaticBatchRoot: {fileID: 0}
  m_UseLightProbes: 0
  m_LightProbeAnchor: {fileID: 0}
  m_ScaleInLightmap: 1
  m_SortingLayer: 0
  m_SortingOrder: 0
  m_SortingLayerID: 0
--- !u!33 &727824365
MeshFilter:
  m_ObjectHideFlags: 0
  m_PrefabParentObject: {fileID: 3300018, guid: 9a497b8f88b009841bf8cc420ea6bd09,
    type: 2}
  m_PrefabInternal: {fileID: 1190172731}
  m_GameObject: {fileID: 727824362}
  m_Mesh: {fileID: 4300000, guid: 48ecfce0d80462845a09307afc4f038a, type: 3}
--- !u!1 &748209418
GameObject:
  m_ObjectHideFlags: 0
  m_PrefabParentObject: {fileID: 100038, guid: 9a497b8f88b009841bf8cc420ea6bd09, type: 2}
  m_PrefabInternal: {fileID: 1190172731}
  serializedVersion: 4
  m_Component:
  - 4: {fileID: 748209419}
  - 33: {fileID: 748209421}
  - 23: {fileID: 748209420}
  m_Layer: 0
  m_Name: Rocket
  m_TagString: Untagged
  m_Icon: {fileID: 0}
  m_NavMeshLayer: 0
  m_StaticEditorFlags: 0
  m_IsActive: 1
--- !u!4 &748209419
Transform:
  m_ObjectHideFlags: 0
  m_PrefabParentObject: {fileID: 400038, guid: 9a497b8f88b009841bf8cc420ea6bd09, type: 2}
  m_PrefabInternal: {fileID: 1190172731}
  m_GameObject: {fileID: 748209418}
  m_LocalRotation: {x: 0, y: -0, z: 0, w: 1}
  m_LocalPosition: {x: -.00283008278, y: .0370906815, z: 0}
  m_LocalScale: {x: 1, y: 1, z: 1}
  m_Children: []
  m_Father: {fileID: 1386137392}
--- !u!23 &748209420
Renderer:
  m_ObjectHideFlags: 0
  m_PrefabParentObject: {fileID: 2300018, guid: 9a497b8f88b009841bf8cc420ea6bd09,
    type: 2}
  m_PrefabInternal: {fileID: 1190172731}
  m_GameObject: {fileID: 748209418}
  m_Enabled: 1
  m_CastShadows: 1
  m_ReceiveShadows: 1
  m_LightmapIndex: 255
  m_LightmapTilingOffset: {x: 1, y: 1, z: 0, w: 0}
  m_Materials:
  - {fileID: 2100000, guid: 714178d99e26f76468710bed75edf34d, type: 2}
  m_SubsetIndices: 
  m_StaticBatchRoot: {fileID: 0}
  m_UseLightProbes: 0
  m_LightProbeAnchor: {fileID: 0}
  m_ScaleInLightmap: 1
  m_SortingLayer: 0
  m_SortingOrder: 0
  m_SortingLayerID: 0
--- !u!33 &748209421
MeshFilter:
  m_ObjectHideFlags: 0
  m_PrefabParentObject: {fileID: 3300020, guid: 9a497b8f88b009841bf8cc420ea6bd09,
    type: 2}
  m_PrefabInternal: {fileID: 1190172731}
  m_GameObject: {fileID: 748209418}
  m_Mesh: {fileID: 4300000, guid: 48ecfce0d80462845a09307afc4f038a, type: 3}
--- !u!1 &749390791
GameObject:
  m_ObjectHideFlags: 0
  m_PrefabParentObject: {fileID: 100030, guid: 9a497b8f88b009841bf8cc420ea6bd09, type: 2}
  m_PrefabInternal: {fileID: 1190172731}
  serializedVersion: 4
  m_Component:
  - 4: {fileID: 749390794}
  - 33: {fileID: 749390793}
  - 23: {fileID: 749390792}
  m_Layer: 0
  m_Name: Rocket_Stick
  m_TagString: Untagged
  m_Icon: {fileID: 0}
  m_NavMeshLayer: 0
  m_StaticEditorFlags: 0
  m_IsActive: 1
--- !u!23 &749390792
Renderer:
  m_ObjectHideFlags: 0
  m_PrefabParentObject: {fileID: 2300014, guid: 9a497b8f88b009841bf8cc420ea6bd09,
    type: 2}
  m_PrefabInternal: {fileID: 1190172731}
  m_GameObject: {fileID: 749390791}
  m_Enabled: 1
  m_CastShadows: 1
  m_ReceiveShadows: 1
  m_LightmapIndex: 255
  m_LightmapTilingOffset: {x: 1, y: 1, z: 0, w: 0}
  m_Materials:
  - {fileID: 2100000, guid: 852cb03809a9df34193089e69dd991f1, type: 2}
  m_SubsetIndices: 
  m_StaticBatchRoot: {fileID: 0}
  m_UseLightProbes: 0
  m_LightProbeAnchor: {fileID: 0}
  m_ScaleInLightmap: 1
  m_SortingLayer: 0
  m_SortingOrder: 0
  m_SortingLayerID: 0
--- !u!33 &749390793
MeshFilter:
  m_ObjectHideFlags: 0
  m_PrefabParentObject: {fileID: 3300016, guid: 9a497b8f88b009841bf8cc420ea6bd09,
    type: 2}
  m_PrefabInternal: {fileID: 1190172731}
  m_GameObject: {fileID: 749390791}
  m_Mesh: {fileID: 4300002, guid: 48ecfce0d80462845a09307afc4f038a, type: 3}
--- !u!4 &749390794
Transform:
  m_ObjectHideFlags: 0
  m_PrefabParentObject: {fileID: 400030, guid: 9a497b8f88b009841bf8cc420ea6bd09, type: 2}
  m_PrefabInternal: {fileID: 1190172731}
  m_GameObject: {fileID: 749390791}
  m_LocalRotation: {x: 0, y: -0, z: 0, w: 1}
  m_LocalPosition: {x: .00248771533, y: 0, z: 0}
  m_LocalScale: {x: 1, y: 1, z: 1}
  m_Children: []
  m_Father: {fileID: 545439333}
--- !u!1001 &768841880
Prefab:
  m_ObjectHideFlags: 0
  serializedVersion: 2
  m_Modification:
    m_TransformParent: {fileID: 0}
    m_Modifications:
    - target: {fileID: 400000, guid: 56b7eb9076d51454295d5b2359301e97, type: 3}
      propertyPath: m_LocalPosition.x
      value: -0
      objectReference: {fileID: 0}
    - target: {fileID: 400000, guid: 56b7eb9076d51454295d5b2359301e97, type: 3}
      propertyPath: m_LocalPosition.y
      value: 0
      objectReference: {fileID: 0}
    - target: {fileID: 400000, guid: 56b7eb9076d51454295d5b2359301e97, type: 3}
      propertyPath: m_LocalPosition.z
      value: 0
      objectReference: {fileID: 0}
    - target: {fileID: 400000, guid: 56b7eb9076d51454295d5b2359301e97, type: 3}
      propertyPath: m_LocalRotation.x
      value: 0
      objectReference: {fileID: 0}
    - target: {fileID: 400000, guid: 56b7eb9076d51454295d5b2359301e97, type: 3}
      propertyPath: m_LocalRotation.y
      value: -0
      objectReference: {fileID: 0}
    - target: {fileID: 400000, guid: 56b7eb9076d51454295d5b2359301e97, type: 3}
      propertyPath: m_LocalRotation.z
      value: -0
      objectReference: {fileID: 0}
    - target: {fileID: 400000, guid: 56b7eb9076d51454295d5b2359301e97, type: 3}
      propertyPath: m_LocalRotation.w
      value: 1
      objectReference: {fileID: 0}
    m_RemovedComponents: []
  m_ParentPrefab: {fileID: 100100000, guid: 56b7eb9076d51454295d5b2359301e97, type: 3}
  m_RootGameObject: {fileID: 165819613}
  m_IsPrefabParent: 0
  m_IsExploded: 1
--- !u!1 &944039352
GameObject:
  m_ObjectHideFlags: 0
  m_PrefabParentObject: {fileID: 100000, guid: 52d8b7720e8126b42a4da4c4b959a21b, type: 3}
  m_PrefabInternal: {fileID: 2018557120}
  serializedVersion: 4
  m_Component:
  - 4: {fileID: 944039356}
  - 33: {fileID: 944039355}
  - 23: {fileID: 944039354}
  - 95: {fileID: 944039353}
  m_Layer: 0
  m_Name: Chandelier
  m_TagString: Untagged
  m_Icon: {fileID: 0}
  m_NavMeshLayer: 0
  m_StaticEditorFlags: 0
  m_IsActive: 1
--- !u!95 &944039353
Animator:
  serializedVersion: 2
  m_ObjectHideFlags: 0
  m_PrefabParentObject: {fileID: 9500000, guid: 52d8b7720e8126b42a4da4c4b959a21b,
    type: 3}
  m_PrefabInternal: {fileID: 2018557120}
  m_GameObject: {fileID: 944039352}
  m_Enabled: 1
  m_Avatar: {fileID: 9000000, guid: 52d8b7720e8126b42a4da4c4b959a21b, type: 3}
  m_Controller: {fileID: 0}
  m_CullingMode: 0
  m_ApplyRootMotion: 1
  m_AnimatePhysics: 0
  m_HasTransformHierarchy: 1
--- !u!23 &944039354
Renderer:
  m_ObjectHideFlags: 0
  m_PrefabParentObject: {fileID: 2300000, guid: 52d8b7720e8126b42a4da4c4b959a21b,
    type: 3}
  m_PrefabInternal: {fileID: 2018557120}
  m_GameObject: {fileID: 944039352}
  m_Enabled: 1
  m_CastShadows: 1
  m_ReceiveShadows: 1
  m_LightmapIndex: 255
  m_LightmapTilingOffset: {x: 1, y: 1, z: 0, w: 0}
  m_Materials:
  - {fileID: 2100000, guid: 67f9a5d227ea15147b46077e91b6250d, type: 2}
  m_SubsetIndices: 
  m_StaticBatchRoot: {fileID: 0}
  m_UseLightProbes: 0
  m_LightProbeAnchor: {fileID: 0}
  m_ScaleInLightmap: 1
  m_SortingLayer: 0
  m_SortingOrder: 0
  m_SortingLayerID: 0
--- !u!33 &944039355
MeshFilter:
  m_ObjectHideFlags: 0
  m_PrefabParentObject: {fileID: 3300000, guid: 52d8b7720e8126b42a4da4c4b959a21b,
    type: 3}
  m_PrefabInternal: {fileID: 2018557120}
  m_GameObject: {fileID: 944039352}
  m_Mesh: {fileID: 4300000, guid: 52d8b7720e8126b42a4da4c4b959a21b, type: 3}
--- !u!4 &944039356
Transform:
  m_ObjectHideFlags: 0
  m_PrefabParentObject: {fileID: 400000, guid: 52d8b7720e8126b42a4da4c4b959a21b, type: 3}
  m_PrefabInternal: {fileID: 2018557120}
  m_GameObject: {fileID: 944039352}
  m_LocalRotation: {x: 0, y: -0, z: -0, w: 1}
  m_LocalPosition: {x: -.172937214, y: 0, z: .0195143819}
  m_LocalScale: {x: 1, y: 1, z: 1}
  m_Children: []
  m_Father: {fileID: 0}
--- !u!1 &983537461
GameObject:
  m_ObjectHideFlags: 0
  m_PrefabParentObject: {fileID: 100000, guid: cf728749c9f00cc4498498618477e92b, type: 3}
  m_PrefabInternal: {fileID: 612335436}
  serializedVersion: 4
  m_Component:
  - 4: {fileID: 983537465}
  - 33: {fileID: 983537464}
  - 23: {fileID: 983537463}
  m_Layer: 0
  m_Name: TNT
  m_TagString: Untagged
  m_Icon: {fileID: 0}
  m_NavMeshLayer: 0
  m_StaticEditorFlags: 0
  m_IsActive: 1
--- !u!23 &983537463
Renderer:
  m_ObjectHideFlags: 0
  m_PrefabParentObject: {fileID: 2300000, guid: cf728749c9f00cc4498498618477e92b,
    type: 3}
  m_PrefabInternal: {fileID: 612335436}
  m_GameObject: {fileID: 983537461}
  m_Enabled: 1
  m_CastShadows: 1
  m_ReceiveShadows: 1
  m_LightmapIndex: 255
  m_LightmapTilingOffset: {x: 1, y: 1, z: 0, w: 0}
  m_Materials:
  - {fileID: 2100000, guid: a0b08dcb4a350064cbe78410c1254897, type: 2}
  m_SubsetIndices: 
  m_StaticBatchRoot: {fileID: 0}
  m_UseLightProbes: 0
  m_LightProbeAnchor: {fileID: 0}
  m_ScaleInLightmap: 1
  m_SortingLayer: 0
  m_SortingOrder: 0
  m_SortingLayerID: 0
--- !u!33 &983537464
MeshFilter:
  m_ObjectHideFlags: 0
  m_PrefabParentObject: {fileID: 3300000, guid: cf728749c9f00cc4498498618477e92b,
    type: 3}
  m_PrefabInternal: {fileID: 612335436}
  m_GameObject: {fileID: 983537461}
  m_Mesh: {fileID: 4300000, guid: cf728749c9f00cc4498498618477e92b, type: 3}
--- !u!4 &983537465
Transform:
  m_ObjectHideFlags: 0
  m_PrefabParentObject: {fileID: 400000, guid: cf728749c9f00cc4498498618477e92b, type: 3}
  m_PrefabInternal: {fileID: 612335436}
  m_GameObject: {fileID: 983537461}
  m_LocalRotation: {x: 0, y: -0, z: -0, w: 1}
  m_LocalPosition: {x: -.0171030164, y: 0, z: -.156170845}
  m_LocalScale: {x: 1, y: 1, z: 1}
  m_Children: []
  m_Father: {fileID: 0}
--- !u!1 &1013066554
GameObject:
  m_ObjectHideFlags: 0
  m_PrefabParentObject: {fileID: 100016, guid: 9a497b8f88b009841bf8cc420ea6bd09, type: 2}
  m_PrefabInternal: {fileID: 1190172731}
  serializedVersion: 4
  m_Component:
  - 4: {fileID: 1013066555}
  - 33: {fileID: 1013066557}
  - 23: {fileID: 1013066556}
  m_Layer: 0
  m_Name: Rocket
  m_TagString: Untagged
  m_Icon: {fileID: 0}
  m_NavMeshLayer: 0
  m_StaticEditorFlags: 0
  m_IsActive: 1
--- !u!4 &1013066555
Transform:
  m_ObjectHideFlags: 0
  m_PrefabParentObject: {fileID: 400016, guid: 9a497b8f88b009841bf8cc420ea6bd09, type: 2}
  m_PrefabInternal: {fileID: 1190172731}
  m_GameObject: {fileID: 1013066554}
  m_LocalRotation: {x: 0, y: -0, z: 0, w: 1}
  m_LocalPosition: {x: -.00283008278, y: .0370906815, z: 0}
  m_LocalScale: {x: 1, y: 1, z: 1}
  m_Children: []
  m_Father: {fileID: 1833785857}
--- !u!23 &1013066556
Renderer:
  m_ObjectHideFlags: 0
  m_PrefabParentObject: {fileID: 2300008, guid: 9a497b8f88b009841bf8cc420ea6bd09,
    type: 2}
  m_PrefabInternal: {fileID: 1190172731}
  m_GameObject: {fileID: 1013066554}
  m_Enabled: 1
  m_CastShadows: 1
  m_ReceiveShadows: 1
  m_LightmapIndex: 255
  m_LightmapTilingOffset: {x: 1, y: 1, z: 0, w: 0}
  m_Materials:
  - {fileID: 2100000, guid: 714178d99e26f76468710bed75edf34d, type: 2}
  m_SubsetIndices: 
  m_StaticBatchRoot: {fileID: 0}
  m_UseLightProbes: 0
  m_LightProbeAnchor: {fileID: 0}
  m_ScaleInLightmap: 1
  m_SortingLayer: 0
  m_SortingOrder: 0
  m_SortingLayerID: 0
--- !u!33 &1013066557
MeshFilter:
  m_ObjectHideFlags: 0
  m_PrefabParentObject: {fileID: 3300010, guid: 9a497b8f88b009841bf8cc420ea6bd09,
    type: 2}
  m_PrefabInternal: {fileID: 1190172731}
  m_GameObject: {fileID: 1013066554}
  m_Mesh: {fileID: 4300000, guid: 48ecfce0d80462845a09307afc4f038a, type: 3}
--- !u!1001 &1190172731
Prefab:
  m_ObjectHideFlags: 0
  serializedVersion: 2
  m_Modification:
    m_TransformParent: {fileID: 0}
    m_Modifications:
    - target: {fileID: 400000, guid: 9a497b8f88b009841bf8cc420ea6bd09, type: 2}
      propertyPath: m_LocalPosition.x
      value: 0
      objectReference: {fileID: 0}
    - target: {fileID: 400000, guid: 9a497b8f88b009841bf8cc420ea6bd09, type: 2}
      propertyPath: m_LocalPosition.y
      value: .026982069
      objectReference: {fileID: 0}
    - target: {fileID: 400000, guid: 9a497b8f88b009841bf8cc420ea6bd09, type: 2}
      propertyPath: m_LocalPosition.z
      value: -3.3773632
      objectReference: {fileID: 0}
    - target: {fileID: 400000, guid: 9a497b8f88b009841bf8cc420ea6bd09, type: 2}
      propertyPath: m_LocalRotation.x
      value: 0
      objectReference: {fileID: 0}
    - target: {fileID: 400000, guid: 9a497b8f88b009841bf8cc420ea6bd09, type: 2}
      propertyPath: m_LocalRotation.y
      value: 0
      objectReference: {fileID: 0}
    - target: {fileID: 400000, guid: 9a497b8f88b009841bf8cc420ea6bd09, type: 2}
      propertyPath: m_LocalRotation.z
      value: 0
      objectReference: {fileID: 0}
    - target: {fileID: 400000, guid: 9a497b8f88b009841bf8cc420ea6bd09, type: 2}
      propertyPath: m_LocalRotation.w
      value: 1
      objectReference: {fileID: 0}
    - target: {fileID: 100000, guid: 9a497b8f88b009841bf8cc420ea6bd09, type: 2}
      propertyPath: m_Name
      value: Rocket Pack
      objectReference: {fileID: 0}
    m_RemovedComponents: []
  m_ParentPrefab: {fileID: 100100000, guid: 9a497b8f88b009841bf8cc420ea6bd09, type: 2}
  m_RootGameObject: {fileID: 457590590}
  m_IsPrefabParent: 0
  m_IsExploded: 1
--- !u!1 &1205110195
GameObject:
  m_ObjectHideFlags: 0
  m_PrefabParentObject: {fileID: 100002, guid: 16df27461aebea24897e645c7a167ea2, type: 2}
  m_PrefabInternal: {fileID: 657350421}
  serializedVersion: 4
  m_Component:
  - 4: {fileID: 1205110199}
  - 33: {fileID: 1205110198}
  - 23: {fileID: 1205110197}
  - 95: {fileID: 1205110196}
  m_Layer: 0
  m_Name: Barrel_Wooden
  m_TagString: Untagged
  m_Icon: {fileID: 0}
  m_NavMeshLayer: 0
  m_StaticEditorFlags: 0
  m_IsActive: 1
--- !u!95 &1205110196
Animator:
  serializedVersion: 2
  m_ObjectHideFlags: 0
  m_PrefabParentObject: {fileID: 9500000, guid: 16df27461aebea24897e645c7a167ea2,
    type: 2}
  m_PrefabInternal: {fileID: 657350421}
  m_GameObject: {fileID: 1205110195}
  m_Enabled: 1
  m_Avatar: {fileID: 9000000, guid: 54196354c6043064788529958da115cc, type: 3}
  m_Controller: {fileID: 0}
  m_CullingMode: 0
  m_ApplyRootMotion: 1
  m_AnimatePhysics: 0
  m_HasTransformHierarchy: 1
--- !u!23 &1205110197
Renderer:
  m_ObjectHideFlags: 0
  m_PrefabParentObject: {fileID: 2300002, guid: 16df27461aebea24897e645c7a167ea2,
    type: 2}
  m_PrefabInternal: {fileID: 657350421}
  m_GameObject: {fileID: 1205110195}
  m_Enabled: 1
  m_CastShadows: 0
  m_ReceiveShadows: 0
  m_LightmapIndex: 255
  m_LightmapTilingOffset: {x: 1, y: 1, z: 0, w: 0}
  m_Materials:
  - {fileID: 2100000, guid: 852cb03809a9df34193089e69dd991f1, type: 2}
  m_SubsetIndices: 
  m_StaticBatchRoot: {fileID: 0}
  m_UseLightProbes: 0
  m_LightProbeAnchor: {fileID: 0}
  m_ScaleInLightmap: 1
  m_SortingLayer: 0
  m_SortingOrder: 0
  m_SortingLayerID: 0
--- !u!33 &1205110198
MeshFilter:
  m_ObjectHideFlags: 0
  m_PrefabParentObject: {fileID: 3300002, guid: 16df27461aebea24897e645c7a167ea2,
    type: 2}
  m_PrefabInternal: {fileID: 657350421}
  m_GameObject: {fileID: 1205110195}
  m_Mesh: {fileID: 4300000, guid: 54196354c6043064788529958da115cc, type: 3}
--- !u!4 &1205110199
Transform:
  m_ObjectHideFlags: 0
  m_PrefabParentObject: {fileID: 400002, guid: 16df27461aebea24897e645c7a167ea2, type: 2}
  m_PrefabInternal: {fileID: 657350421}
  m_GameObject: {fileID: 1205110195}
  m_LocalRotation: {x: 0, y: -0, z: 0, w: 1}
  m_LocalPosition: {x: 0, y: -.5, z: 0}
  m_LocalScale: {x: 32, y: 28, z: 28}
  m_Children: []
  m_Father: {fileID: 1325544504}
--- !u!1 &1278195486
GameObject:
  m_ObjectHideFlags: 0
  m_PrefabParentObject: {fileID: 100040, guid: 9a497b8f88b009841bf8cc420ea6bd09, type: 2}
  m_PrefabInternal: {fileID: 1190172731}
  serializedVersion: 4
  m_Component:
  - 4: {fileID: 1278195489}
  - 33: {fileID: 1278195488}
  - 23: {fileID: 1278195487}
  m_Layer: 0
  m_Name: Rocket_Stick
  m_TagString: Untagged
  m_Icon: {fileID: 0}
  m_NavMeshLayer: 0
  m_StaticEditorFlags: 0
  m_IsActive: 1
--- !u!23 &1278195487
Renderer:
  m_ObjectHideFlags: 0
  m_PrefabParentObject: {fileID: 2300020, guid: 9a497b8f88b009841bf8cc420ea6bd09,
    type: 2}
  m_PrefabInternal: {fileID: 1190172731}
  m_GameObject: {fileID: 1278195486}
  m_Enabled: 1
  m_CastShadows: 1
  m_ReceiveShadows: 1
  m_LightmapIndex: 255
  m_LightmapTilingOffset: {x: 1, y: 1, z: 0, w: 0}
  m_Materials:
  - {fileID: 2100000, guid: 852cb03809a9df34193089e69dd991f1, type: 2}
  m_SubsetIndices: 
  m_StaticBatchRoot: {fileID: 0}
  m_UseLightProbes: 0
  m_LightProbeAnchor: {fileID: 0}
  m_ScaleInLightmap: 1
  m_SortingLayer: 0
  m_SortingOrder: 0
  m_SortingLayerID: 0
--- !u!33 &1278195488
MeshFilter:
  m_ObjectHideFlags: 0
  m_PrefabParentObject: {fileID: 3300022, guid: 9a497b8f88b009841bf8cc420ea6bd09,
    type: 2}
  m_PrefabInternal: {fileID: 1190172731}
  m_GameObject: {fileID: 1278195486}
  m_Mesh: {fileID: 4300002, guid: 48ecfce0d80462845a09307afc4f038a, type: 3}
--- !u!4 &1278195489
Transform:
  m_ObjectHideFlags: 0
  m_PrefabParentObject: {fileID: 400040, guid: 9a497b8f88b009841bf8cc420ea6bd09, type: 2}
  m_PrefabInternal: {fileID: 1190172731}
  m_GameObject: {fileID: 1278195486}
  m_LocalRotation: {x: 0, y: -0, z: 0, w: 1}
  m_LocalPosition: {x: .00248771533, y: 0, z: 0}
  m_LocalScale: {x: 1, y: 1, z: 1}
  m_Children: []
  m_Father: {fileID: 1386137392}
--- !u!1 &1319956750
GameObject:
  m_ObjectHideFlags: 0
  m_PrefabParentObject: {fileID: 100000, guid: 284f77b37e2aa8847b9814510eb94b9b, type: 2}
  m_PrefabInternal: {fileID: 474600009}
  serializedVersion: 4
  m_Component:
  - 4: {fileID: 1319956755}
  - 33: {fileID: 1319956754}
  - 23: {fileID: 1319956752}
  - 114: {fileID: 1319956751}
  - 54: {fileID: 1319956758}
  - 135: {fileID: 1319956757}
  - 114: {fileID: 1319956756}
  - 135: {fileID: 1319956753}
  m_Layer: 9
  m_Name: JumpingJack
  m_TagString: Untagged
  m_Icon: {fileID: 0}
  m_NavMeshLayer: 0
  m_StaticEditorFlags: 0
  m_IsActive: 1
--- !u!114 &1319956751
MonoBehaviour:
  m_ObjectHideFlags: 0
  m_PrefabParentObject: {fileID: 11400000, guid: 284f77b37e2aa8847b9814510eb94b9b,
    type: 2}
  m_PrefabInternal: {fileID: 474600009}
  m_GameObject: {fileID: 1319956750}
  m_Enabled: 1
  m_EditorHideFlags: 0
  m_Script: {fileID: 11500000, guid: 1cd70159fa3914f40be6be924b8c5a20, type: 3}
  m_Name: 
  m_EditorClassIdentifier: 
  Force: 1.75
  RandomForce: .200000003
  angDrag: 0
  maxAngVel: 50
  RotationSpeed: {x: 0, y: 0, z: 20}
  PartSystem: {fileID: 2004198751}
  TimeTillDeath: 5
--- !u!23 &1319956752
Renderer:
  m_ObjectHideFlags: 0
  m_PrefabParentObject: {fileID: 2300000, guid: 284f77b37e2aa8847b9814510eb94b9b,
    type: 2}
  m_PrefabInternal: {fileID: 474600009}
  m_GameObject: {fileID: 1319956750}
  m_Enabled: 1
  m_CastShadows: 0
  m_ReceiveShadows: 0
  m_LightmapIndex: 255
  m_LightmapTilingOffset: {x: 1, y: 1, z: 0, w: 0}
  m_Materials:
  - {fileID: 2100000, guid: 4955647cedba32946961b3dbb97d10aa, type: 2}
  m_SubsetIndices: 
  m_StaticBatchRoot: {fileID: 0}
  m_UseLightProbes: 0
  m_LightProbeAnchor: {fileID: 0}
  m_ScaleInLightmap: 1
  m_SortingLayer: 0
  m_SortingOrder: 0
  m_SortingLayerID: 0
--- !u!135 &1319956753
SphereCollider:
  m_ObjectHideFlags: 0
  m_PrefabParentObject: {fileID: 13500002, guid: 284f77b37e2aa8847b9814510eb94b9b,
    type: 2}
  m_PrefabInternal: {fileID: 474600009}
  m_GameObject: {fileID: 1319956750}
  m_Material: {fileID: 0}
  m_IsTrigger: 1
  m_Enabled: 1
  serializedVersion: 2
  m_Radius: 1.28999996
  m_Center: {x: 0, y: 0, z: 0}
--- !u!33 &1319956754
MeshFilter:
  m_ObjectHideFlags: 0
  m_PrefabParentObject: {fileID: 3300000, guid: 284f77b37e2aa8847b9814510eb94b9b,
    type: 2}
  m_PrefabInternal: {fileID: 474600009}
  m_GameObject: {fileID: 1319956750}
  m_Mesh: {fileID: 10206, guid: 0000000000000000e000000000000000, type: 0}
--- !u!4 &1319956755
Transform:
  m_ObjectHideFlags: 0
  m_PrefabParentObject: {fileID: 400000, guid: 284f77b37e2aa8847b9814510eb94b9b, type: 2}
  m_PrefabInternal: {fileID: 474600009}
  m_GameObject: {fileID: 1319956750}
  m_LocalRotation: {x: 0, y: 0, z: 0, w: 1}
  m_LocalPosition: {x: .0314258151, y: .125334337, z: -4.25322104}
  m_LocalScale: {x: .0808727816, y: .180435881, z: .0878959522}
  m_Children:
  - {fileID: 2004198752}
  m_Father: {fileID: 0}
--- !u!114 &1319956756
MonoBehaviour:
  m_ObjectHideFlags: 0
  m_PrefabParentObject: {fileID: 11400002, guid: 284f77b37e2aa8847b9814510eb94b9b,
    type: 2}
  m_PrefabInternal: {fileID: 474600009}
  m_GameObject: {fileID: 1319956750}
  m_Enabled: 1
  m_EditorHideFlags: 0
  m_Script: {fileID: 11500000, guid: a90c7aaa5b91c834b9665feb520a817a, type: 3}
  m_Name: 
  m_EditorClassIdentifier: 
--- !u!135 &1319956757
SphereCollider:
  m_ObjectHideFlags: 0
  m_PrefabParentObject: {fileID: 13500000, guid: 284f77b37e2aa8847b9814510eb94b9b,
    type: 2}
  m_PrefabInternal: {fileID: 474600009}
  m_GameObject: {fileID: 1319956750}
  m_Material: {fileID: 13400000, guid: 8db622fc5ffe1634f98ea725454fc131, type: 2}
  m_IsTrigger: 0
  m_Enabled: 1
  serializedVersion: 2
  m_Radius: .870000005
  m_Center: {x: 5.96046448e-08, y: 0, z: -8.94069672e-08}
--- !u!54 &1319956758
Rigidbody:
  m_ObjectHideFlags: 0
  m_PrefabParentObject: {fileID: 5400000, guid: 284f77b37e2aa8847b9814510eb94b9b,
    type: 2}
  m_PrefabInternal: {fileID: 474600009}
  m_GameObject: {fileID: 1319956750}
  serializedVersion: 2
  m_Mass: .25
  m_Drag: 0
  m_AngularDrag: .0500000007
  m_UseGravity: 1
  m_IsKinematic: 0
  m_Interpolate: 0
  m_Constraints: 120
  m_CollisionDetection: 0
--- !u!1 &1325544503
GameObject:
  m_ObjectHideFlags: 0
  m_PrefabParentObject: {fileID: 100000, guid: 16df27461aebea24897e645c7a167ea2, type: 2}
  m_PrefabInternal: {fileID: 657350421}
  serializedVersion: 4
  m_Component:
  - 4: {fileID: 1325544504}
  - 33: {fileID: 1325544508}
  - 65: {fileID: 1325544507}
  - 23: {fileID: 1325544506}
  - 54: {fileID: 1325544505}
  - 114: {fileID: 1325544509}
  m_Layer: 8
  m_Name: Barrel
  m_TagString: Wood
  m_Icon: {fileID: 0}
  m_NavMeshLayer: 0
  m_StaticEditorFlags: 0
  m_IsActive: 1
--- !u!4 &1325544504
Transform:
  m_ObjectHideFlags: 0
  m_PrefabParentObject: {fileID: 400000, guid: 16df27461aebea24897e645c7a167ea2, type: 2}
  m_PrefabInternal: {fileID: 657350421}
  m_GameObject: {fileID: 1325544503}
  m_LocalRotation: {x: 0, y: 0, z: 0, w: 1}
  m_LocalPosition: {x: 0, y: 0, z: -1.32284677}
  m_LocalScale: {x: 1, y: 1, z: 1}
  m_Children:
  - {fileID: 1205110199}
  m_Father: {fileID: 0}
--- !u!54 &1325544505
Rigidbody:
  m_ObjectHideFlags: 0
  m_PrefabParentObject: {fileID: 5400000, guid: 16df27461aebea24897e645c7a167ea2,
    type: 2}
  m_PrefabInternal: {fileID: 657350421}
  m_GameObject: {fileID: 1325544503}
  serializedVersion: 2
  m_Mass: .75
  m_Drag: 0
  m_AngularDrag: .0500000007
  m_UseGravity: 1
  m_IsKinematic: 0
  m_Interpolate: 0
  m_Constraints: 56
  m_CollisionDetection: 0
--- !u!23 &1325544506
Renderer:
  m_ObjectHideFlags: 0
  m_PrefabParentObject: {fileID: 2300000, guid: 16df27461aebea24897e645c7a167ea2,
    type: 2}
  m_PrefabInternal: {fileID: 657350421}
  m_GameObject: {fileID: 1325544503}
  m_Enabled: 1
  m_CastShadows: 0
  m_ReceiveShadows: 0
  m_LightmapIndex: 255
  m_LightmapTilingOffset: {x: 1, y: 1, z: 0, w: 0}
  m_Materials: []
  m_SubsetIndices: 
  m_StaticBatchRoot: {fileID: 0}
  m_UseLightProbes: 0
  m_LightProbeAnchor: {fileID: 0}
  m_ScaleInLightmap: 1
  m_SortingLayer: 0
  m_SortingOrder: 0
  m_SortingLayerID: 0
--- !u!65 &1325544507
BoxCollider:
  m_ObjectHideFlags: 0
  m_PrefabParentObject: {fileID: 6500000, guid: 16df27461aebea24897e645c7a167ea2,
    type: 2}
  m_PrefabInternal: {fileID: 657350421}
  m_GameObject: {fileID: 1325544503}
  m_Material: {fileID: 0}
  m_IsTrigger: 0
  m_Enabled: 1
  serializedVersion: 2
  m_Size: {x: 1, y: 1, z: 1}
  m_Center: {x: 0, y: 0, z: 0}
--- !u!33 &1325544508
MeshFilter:
  m_ObjectHideFlags: 0
  m_PrefabParentObject: {fileID: 3300000, guid: 16df27461aebea24897e645c7a167ea2,
    type: 2}
  m_PrefabInternal: {fileID: 657350421}
  m_GameObject: {fileID: 1325544503}
  m_Mesh: {fileID: 10202, guid: 0000000000000000e000000000000000, type: 0}
--- !u!114 &1325544509
MonoBehaviour:
  m_ObjectHideFlags: 0
  m_PrefabParentObject: {fileID: 11400000, guid: 16df27461aebea24897e645c7a167ea2,
    type: 2}
  m_PrefabInternal: {fileID: 657350421}
  m_GameObject: {fileID: 1325544503}
  m_Enabled: 1
  m_EditorHideFlags: 0
  m_Script: {fileID: 11500000, guid: a90c7aaa5b91c834b9665feb520a817a, type: 3}
  m_Name: 
  m_EditorClassIdentifier: 
--- !u!1 &1357110292
GameObject:
  m_ObjectHideFlags: 0
  m_PrefabParentObject: {fileID: 100004, guid: 9a497b8f88b009841bf8cc420ea6bd09, type: 2}
  m_PrefabInternal: {fileID: 1190172731}
  serializedVersion: 4
  m_Component:
  - 4: {fileID: 1357110293}
  m_Layer: 0
  m_Name: RocketProjectile
  m_TagString: Untagged
  m_Icon: {fileID: 0}
  m_NavMeshLayer: 0
  m_StaticEditorFlags: 0
  m_IsActive: 1
--- !u!4 &1357110293
Transform:
  m_ObjectHideFlags: 0
  m_PrefabParentObject: {fileID: 400004, guid: 9a497b8f88b009841bf8cc420ea6bd09, type: 2}
  m_PrefabInternal: {fileID: 1190172731}
  m_GameObject: {fileID: 1357110292}
  m_LocalRotation: {x: 0, y: 0, z: 0, w: 1}
  m_LocalPosition: {x: -.356776178, y: .272323936, z: 0}
  m_LocalScale: {x: 1, y: 1, z: 1}
  m_Children:
  - {fileID: 169226603}
  m_Father: {fileID: 457590591}
--- !u!1 &1366276851
GameObject:
  m_ObjectHideFlags: 0
  m_PrefabParentObject: {fileID: 100018, guid: 9a497b8f88b009841bf8cc420ea6bd09, type: 2}
  m_PrefabInternal: {fileID: 1190172731}
  serializedVersion: 4
  m_Component:
  - 4: {fileID: 1366276852}
  m_Layer: 0
  m_Name: RocketProjectile
  m_TagString: Untagged
  m_Icon: {fileID: 0}
  m_NavMeshLayer: 0
  m_StaticEditorFlags: 0
  m_IsActive: 1
--- !u!4 &1366276852
Transform:
  m_ObjectHideFlags: 0
  m_PrefabParentObject: {fileID: 400018, guid: 9a497b8f88b009841bf8cc420ea6bd09, type: 2}
  m_PrefabInternal: {fileID: 1190172731}
  m_GameObject: {fileID: 1366276851}
  m_LocalRotation: {x: 0, y: 0, z: 0, w: 1}
  m_LocalPosition: {x: -.190582156, y: .272323936, z: 0}
  m_LocalScale: {x: 1, y: 1, z: 1}
  m_Children:
  - {fileID: 1833785857}
  m_Father: {fileID: 457590591}
--- !u!1 &1386137391
GameObject:
  m_ObjectHideFlags: 0
  m_PrefabParentObject: {fileID: 100042, guid: 9a497b8f88b009841bf8cc420ea6bd09, type: 2}
  m_PrefabInternal: {fileID: 1190172731}
  serializedVersion: 4
  m_Component:
  - 4: {fileID: 1386137392}
  m_Layer: 0
  m_Name: Rocket
  m_TagString: Untagged
  m_Icon: {fileID: 0}
  m_NavMeshLayer: 0
  m_StaticEditorFlags: 0
  m_IsActive: 1
--- !u!4 &1386137392
Transform:
  m_ObjectHideFlags: 0
  m_PrefabParentObject: {fileID: 400042, guid: 9a497b8f88b009841bf8cc420ea6bd09, type: 2}
  m_PrefabInternal: {fileID: 1190172731}
  m_GameObject: {fileID: 1386137391}
  m_LocalRotation: {x: 0, y: 0, z: 0, w: 1}
  m_LocalPosition: {x: .0149999997, y: -.529999971, z: 0}
  m_LocalScale: {x: 10, y: 10, z: 10}
  m_Children:
  - {fileID: 748209419}
  - {fileID: 1278195489}
  m_Father: {fileID: 1454014709}
--- !u!1 &1436874282
GameObject:
  m_ObjectHideFlags: 0
  m_PrefabParentObject: {fileID: 100014, guid: 9a497b8f88b009841bf8cc420ea6bd09, type: 2}
  m_PrefabInternal: {fileID: 1190172731}
  serializedVersion: 4
  m_Component:
  - 4: {fileID: 1436874283}
  - 33: {fileID: 1436874285}
  - 23: {fileID: 1436874284}
  m_Layer: 0
  m_Name: Rocket_Stick
  m_TagString: Untagged
  m_Icon: {fileID: 0}
  m_NavMeshLayer: 0
  m_StaticEditorFlags: 0
  m_IsActive: 1
--- !u!4 &1436874283
Transform:
  m_ObjectHideFlags: 0
  m_PrefabParentObject: {fileID: 400014, guid: 9a497b8f88b009841bf8cc420ea6bd09, type: 2}
  m_PrefabInternal: {fileID: 1190172731}
  m_GameObject: {fileID: 1436874282}
  m_LocalRotation: {x: 0, y: -0, z: 0, w: 1}
  m_LocalPosition: {x: .00248771533, y: 0, z: 0}
  m_LocalScale: {x: 1, y: 1, z: 1}
  m_Children: []
  m_Father: {fileID: 1833785857}
--- !u!23 &1436874284
Renderer:
  m_ObjectHideFlags: 0
  m_PrefabParentObject: {fileID: 2300006, guid: 9a497b8f88b009841bf8cc420ea6bd09,
    type: 2}
  m_PrefabInternal: {fileID: 1190172731}
  m_GameObject: {fileID: 1436874282}
  m_Enabled: 1
  m_CastShadows: 1
  m_ReceiveShadows: 1
  m_LightmapIndex: 255
  m_LightmapTilingOffset: {x: 1, y: 1, z: 0, w: 0}
  m_Materials:
  - {fileID: 2100000, guid: 852cb03809a9df34193089e69dd991f1, type: 2}
  m_SubsetIndices: 
  m_StaticBatchRoot: {fileID: 0}
  m_UseLightProbes: 0
  m_LightProbeAnchor: {fileID: 0}
  m_ScaleInLightmap: 1
  m_SortingLayer: 0
  m_SortingOrder: 0
  m_SortingLayerID: 0
--- !u!33 &1436874285
MeshFilter:
  m_ObjectHideFlags: 0
  m_PrefabParentObject: {fileID: 3300008, guid: 9a497b8f88b009841bf8cc420ea6bd09,
    type: 2}
  m_PrefabInternal: {fileID: 1190172731}
  m_GameObject: {fileID: 1436874282}
  m_Mesh: {fileID: 4300002, guid: 48ecfce0d80462845a09307afc4f038a, type: 3}
--- !u!1 &1454014708
GameObject:
  m_ObjectHideFlags: 0
  m_PrefabParentObject: {fileID: 100036, guid: 9a497b8f88b009841bf8cc420ea6bd09, type: 2}
  m_PrefabInternal: {fileID: 1190172731}
  serializedVersion: 4
  m_Component:
  - 4: {fileID: 1454014709}
  m_Layer: 0
  m_Name: RocketProjectile
  m_TagString: Untagged
  m_Icon: {fileID: 0}
  m_NavMeshLayer: 0
  m_StaticEditorFlags: 0
  m_IsActive: 1
--- !u!4 &1454014709
Transform:
  m_ObjectHideFlags: 0
  m_PrefabParentObject: {fileID: 400036, guid: 9a497b8f88b009841bf8cc420ea6bd09, type: 2}
  m_PrefabInternal: {fileID: 1190172731}
  m_GameObject: {fileID: 1454014708}
  m_LocalRotation: {x: 0, y: 0, z: 0, w: 1}
  m_LocalPosition: {x: .0045927465, y: .272323608, z: 0}
  m_LocalScale: {x: 1, y: 1, z: 1}
  m_Children:
  - {fileID: 1386137392}
  m_Father: {fileID: 457590591}
--- !u!1 &1485418219
GameObject:
  m_ObjectHideFlags: 0
  m_PrefabParentObject: {fileID: 100020, guid: 9a497b8f88b009841bf8cc420ea6bd09, type: 2}
  m_PrefabInternal: {fileID: 1190172731}
  serializedVersion: 4
  m_Component:
  - 4: {fileID: 1485418220}
  m_Layer: 0
  m_Name: RocketProjectile
  m_TagString: Untagged
  m_Icon: {fileID: 0}
  m_NavMeshLayer: 0
  m_StaticEditorFlags: 0
  m_IsActive: 1
--- !u!4 &1485418220
Transform:
  m_ObjectHideFlags: 0
  m_PrefabParentObject: {fileID: 400020, guid: 9a497b8f88b009841bf8cc420ea6bd09, type: 2}
  m_PrefabInternal: {fileID: 1190172731}
  m_GameObject: {fileID: 1485418219}
  m_LocalRotation: {x: 0, y: 0, z: 0, w: 1}
  m_LocalPosition: {x: .358482242, y: .272323936, z: 0}
  m_LocalScale: {x: 1, y: 1, z: 1}
  m_Children:
  - {fileID: 711858219}
  m_Father: {fileID: 457590591}
--- !u!1001 &1534659210
Prefab:
  m_ObjectHideFlags: 0
  serializedVersion: 2
  m_Modification:
    m_TransformParent: {fileID: 0}
    m_Modifications:
    - target: {fileID: 400000, guid: 9babfb2b1a73d0648b5773643e675889, type: 3}
      propertyPath: m_LocalPosition.x
      value: .10880135
      objectReference: {fileID: 0}
    - target: {fileID: 400000, guid: 9babfb2b1a73d0648b5773643e675889, type: 3}
      propertyPath: m_LocalPosition.y
      value: 0
      objectReference: {fileID: 0}
    - target: {fileID: 400000, guid: 9babfb2b1a73d0648b5773643e675889, type: 3}
      propertyPath: m_LocalPosition.z
      value: -.00132322311
      objectReference: {fileID: 0}
    - target: {fileID: 400000, guid: 9babfb2b1a73d0648b5773643e675889, type: 3}
      propertyPath: m_LocalRotation.x
      value: 0
      objectReference: {fileID: 0}
    - target: {fileID: 400000, guid: 9babfb2b1a73d0648b5773643e675889, type: 3}
      propertyPath: m_LocalRotation.y
      value: -0
      objectReference: {fileID: 0}
    - target: {fileID: 400000, guid: 9babfb2b1a73d0648b5773643e675889, type: 3}
      propertyPath: m_LocalRotation.z
      value: -0
      objectReference: {fileID: 0}
    - target: {fileID: 400000, guid: 9babfb2b1a73d0648b5773643e675889, type: 3}
      propertyPath: m_LocalRotation.w
      value: 1
      objectReference: {fileID: 0}
    m_RemovedComponents: []
  m_ParentPrefab: {fileID: 100100000, guid: 9babfb2b1a73d0648b5773643e675889, type: 3}
  m_RootGameObject: {fileID: 1987232957}
  m_IsPrefabParent: 0
  m_IsExploded: 1
--- !u!1 &1833785856
GameObject:
  m_ObjectHideFlags: 0
  m_PrefabParentObject: {fileID: 100012, guid: 9a497b8f88b009841bf8cc420ea6bd09, type: 2}
  m_PrefabInternal: {fileID: 1190172731}
  serializedVersion: 4
  m_Component:
  - 4: {fileID: 1833785857}
  m_Layer: 0
  m_Name: Rocket
  m_TagString: Untagged
  m_Icon: {fileID: 0}
  m_NavMeshLayer: 0
  m_StaticEditorFlags: 0
  m_IsActive: 1
--- !u!4 &1833785857
Transform:
  m_ObjectHideFlags: 0
  m_PrefabParentObject: {fileID: 400012, guid: 9a497b8f88b009841bf8cc420ea6bd09, type: 2}
  m_PrefabInternal: {fileID: 1190172731}
  m_GameObject: {fileID: 1833785856}
  m_LocalRotation: {x: 0, y: 0, z: 0, w: 1}
  m_LocalPosition: {x: .0149999997, y: -.529999971, z: 0}
  m_LocalScale: {x: 10, y: 10, z: 10}
  m_Children:
  - {fileID: 1013066555}
  - {fileID: 1436874283}
  m_Father: {fileID: 1366276852}
--- !u!1 &1837917738
GameObject:
  m_ObjectHideFlags: 0
  m_PrefabParentObject: {fileID: 100034, guid: 9a497b8f88b009841bf8cc420ea6bd09, type: 2}
  m_PrefabInternal: {fileID: 1190172731}
  serializedVersion: 4
  m_Component:
  - 4: {fileID: 1837917739}
  m_Layer: 0
  m_Name: RocketProjectile
  m_TagString: Untagged
  m_Icon: {fileID: 0}
  m_NavMeshLayer: 0
  m_StaticEditorFlags: 0
  m_IsActive: 1
--- !u!4 &1837917739
Transform:
  m_ObjectHideFlags: 0
  m_PrefabParentObject: {fileID: 400034, guid: 9a497b8f88b009841bf8cc420ea6bd09, type: 2}
  m_PrefabInternal: {fileID: 1190172731}
  m_GameObject: {fileID: 1837917738}
  m_LocalRotation: {x: 0, y: 0, z: 0, w: 1}
  m_LocalPosition: {x: .195694417, y: .272323936, z: 0}
  m_LocalScale: {x: 1, y: 1, z: 1}
  m_Children:
  - {fileID: 545439333}
  m_Father: {fileID: 457590591}
--- !u!1 &1864629675
GameObject:
  m_ObjectHideFlags: 0
  m_PrefabParentObject: {fileID: 0}
  m_PrefabInternal: {fileID: 0}
  serializedVersion: 4
  m_Component:
  - 4: {fileID: 1864629680}
  - 20: {fileID: 1864629679}
  - 92: {fileID: 1864629678}
  - 124: {fileID: 1864629677}
  - 81: {fileID: 1864629676}
  m_Layer: 0
  m_Name: Main Camera
  m_TagString: MainCamera
  m_Icon: {fileID: 0}
  m_NavMeshLayer: 0
  m_StaticEditorFlags: 0
  m_IsActive: 1
--- !u!81 &1864629676
AudioListener:
  m_ObjectHideFlags: 0
  m_PrefabParentObject: {fileID: 0}
  m_PrefabInternal: {fileID: 0}
  m_GameObject: {fileID: 1864629675}
  m_Enabled: 1
--- !u!124 &1864629677
Behaviour:
  m_ObjectHideFlags: 0
  m_PrefabParentObject: {fileID: 0}
  m_PrefabInternal: {fileID: 0}
  m_GameObject: {fileID: 1864629675}
  m_Enabled: 1
--- !u!92 &1864629678
Behaviour:
  m_ObjectHideFlags: 0
  m_PrefabParentObject: {fileID: 0}
  m_PrefabInternal: {fileID: 0}
  m_GameObject: {fileID: 1864629675}
  m_Enabled: 1
--- !u!20 &1864629679
Camera:
  m_ObjectHideFlags: 0
  m_PrefabParentObject: {fileID: 0}
  m_PrefabInternal: {fileID: 0}
  m_GameObject: {fileID: 1864629675}
  m_Enabled: 1
  serializedVersion: 2
  m_ClearFlags: 1
  m_BackGroundColor: {r: .192156866, g: .301960796, b: .474509805, a: .0196078438}
  m_NormalizedViewPortRect:
    serializedVersion: 2
    x: 0
    y: 0
    width: 1
    height: 1
  near clip plane: .300000012
  far clip plane: 1000
  field of view: 60
  orthographic: 0
  orthographic size: 5
  m_Depth: -1
  m_CullingMask:
    serializedVersion: 2
    m_Bits: 4294967295
  m_RenderingPath: -1
  m_TargetTexture: {fileID: 0}
  m_HDR: 0
  m_OcclusionCulling: 1
--- !u!4 &1864629680
Transform:
  m_ObjectHideFlags: 0
  m_PrefabParentObject: {fileID: 0}
  m_PrefabInternal: {fileID: 0}
  m_GameObject: {fileID: 1864629675}
  m_LocalRotation: {x: 0, y: 0, z: 0, w: 1}
  m_LocalPosition: {x: 0, y: 1, z: -10}
  m_LocalScale: {x: 1, y: 1, z: 1}
  m_Children: []
  m_Father: {fileID: 0}
--- !u!1 &1895954243
GameObject:
  m_ObjectHideFlags: 0
  m_PrefabParentObject: {fileID: 100002, guid: 9a497b8f88b009841bf8cc420ea6bd09, type: 2}
  m_PrefabInternal: {fileID: 1190172731}
  serializedVersion: 4
  m_Component:
  - 4: {fileID: 1895954244}
  - 33: {fileID: 1895954246}
  - 23: {fileID: 1895954245}
  m_Layer: 0
  m_Name: Launcher Art
  m_TagString: Untagged
  m_Icon: {fileID: 0}
  m_NavMeshLayer: 0
  m_StaticEditorFlags: 0
  m_IsActive: 1
--- !u!4 &1895954244
Transform:
  m_ObjectHideFlags: 0
  m_PrefabParentObject: {fileID: 400002, guid: 9a497b8f88b009841bf8cc420ea6bd09, type: 2}
  m_PrefabInternal: {fileID: 1190172731}
  m_GameObject: {fileID: 1895954243}
  m_LocalRotation: {x: 0, y: 0, z: 0, w: 1}
  m_LocalPosition: {x: 0, y: -.0900000036, z: 0}
  m_LocalScale: {x: 1, y: .83158797, z: 1}
  m_Children: []
  m_Father: {fileID: 457590591}
--- !u!23 &1895954245
Renderer:
  m_ObjectHideFlags: 0
  m_PrefabParentObject: {fileID: 2300000, guid: 9a497b8f88b009841bf8cc420ea6bd09,
    type: 2}
  m_PrefabInternal: {fileID: 1190172731}
  m_GameObject: {fileID: 1895954243}
  m_Enabled: 1
  m_CastShadows: 0
  m_ReceiveShadows: 0
  m_LightmapIndex: 255
  m_LightmapTilingOffset: {x: 1, y: 1, z: 0, w: 0}
  m_Materials:
  - {fileID: 2100000, guid: 1ecfe57460f6ecf4ea678e51c17f164e, type: 2}
  m_SubsetIndices: 
  m_StaticBatchRoot: {fileID: 0}
  m_UseLightProbes: 0
  m_LightProbeAnchor: {fileID: 0}
  m_ScaleInLightmap: 1
  m_SortingLayer: 0
  m_SortingOrder: 0
  m_SortingLayerID: 0
--- !u!33 &1895954246
MeshFilter:
  m_ObjectHideFlags: 0
  m_PrefabParentObject: {fileID: 3300002, guid: 9a497b8f88b009841bf8cc420ea6bd09,
    type: 2}
  m_PrefabInternal: {fileID: 1190172731}
  m_GameObject: {fileID: 1895954243}
  m_Mesh: {fileID: 10202, guid: 0000000000000000e000000000000000, type: 0}
--- !u!1 &1987232957
GameObject:
  m_ObjectHideFlags: 0
  m_PrefabParentObject: {fileID: 100000, guid: 9babfb2b1a73d0648b5773643e675889, type: 3}
  m_PrefabInternal: {fileID: 1534659210}
  serializedVersion: 4
  m_Component:
  - 4: {fileID: 1987232961}
  - 33: {fileID: 1987232960}
  - 23: {fileID: 1987232959}
  - 95: {fileID: 1987232958}
  m_Layer: 0
  m_Name: RomanCandle
  m_TagString: Untagged
  m_Icon: {fileID: 0}
  m_NavMeshLayer: 0
  m_StaticEditorFlags: 0
  m_IsActive: 1
--- !u!95 &1987232958
Animator:
  serializedVersion: 2
  m_ObjectHideFlags: 0
  m_PrefabParentObject: {fileID: 9500000, guid: 9babfb2b1a73d0648b5773643e675889,
    type: 3}
  m_PrefabInternal: {fileID: 1534659210}
  m_GameObject: {fileID: 1987232957}
  m_Enabled: 1
  m_Avatar: {fileID: 9000000, guid: 9babfb2b1a73d0648b5773643e675889, type: 3}
  m_Controller: {fileID: 0}
  m_CullingMode: 0
  m_ApplyRootMotion: 1
  m_AnimatePhysics: 0
  m_HasTransformHierarchy: 1
--- !u!23 &1987232959
Renderer:
  m_ObjectHideFlags: 0
  m_PrefabParentObject: {fileID: 2300000, guid: 9babfb2b1a73d0648b5773643e675889,
    type: 3}
  m_PrefabInternal: {fileID: 1534659210}
  m_GameObject: {fileID: 1987232957}
  m_Enabled: 1
  m_CastShadows: 1
  m_ReceiveShadows: 1
  m_LightmapIndex: 255
  m_LightmapTilingOffset: {x: 1, y: 1, z: 0, w: 0}
  m_Materials:
  - {fileID: 2100000, guid: 891d5fd46e1aa624ea1999482113c412, type: 2}
  m_SubsetIndices: 
  m_StaticBatchRoot: {fileID: 0}
  m_UseLightProbes: 0
  m_LightProbeAnchor: {fileID: 0}
  m_ScaleInLightmap: 1
  m_SortingLayer: 0
  m_SortingOrder: 0
  m_SortingLayerID: 0
--- !u!33 &1987232960
MeshFilter:
  m_ObjectHideFlags: 0
  m_PrefabParentObject: {fileID: 3300000, guid: 9babfb2b1a73d0648b5773643e675889,
    type: 3}
  m_PrefabInternal: {fileID: 1534659210}
  m_GameObject: {fileID: 1987232957}
  m_Mesh: {fileID: 4300000, guid: 9babfb2b1a73d0648b5773643e675889, type: 3}
--- !u!4 &1987232961
Transform:
  m_ObjectHideFlags: 0
  m_PrefabParentObject: {fileID: 400000, guid: 9babfb2b1a73d0648b5773643e675889, type: 3}
  m_PrefabInternal: {fileID: 1534659210}
  m_GameObject: {fileID: 1987232957}
  m_LocalRotation: {x: 0, y: -0, z: -0, w: 1}
  m_LocalPosition: {x: .10880135, y: 0, z: -.00132322311}
  m_LocalScale: {x: 1, y: 1, z: 1}
  m_Children: []
  m_Father: {fileID: 0}
--- !u!1 &2004198750
GameObject:
  m_ObjectHideFlags: 0
  m_PrefabParentObject: {fileID: 100002, guid: 284f77b37e2aa8847b9814510eb94b9b, type: 2}
  m_PrefabInternal: {fileID: 474600009}
  serializedVersion: 4
  m_Component:
  - 4: {fileID: 2004198752}
  - 199: {fileID: 2004198753}
  - 198: {fileID: 2004198751}
  m_Layer: 0
  m_Name: ParticleEmitter
  m_TagString: Untagged
  m_Icon: {fileID: 0}
  m_NavMeshLayer: 0
  m_StaticEditorFlags: 0
  m_IsActive: 1
--- !u!198 &2004198751
ParticleSystem:
  m_ObjectHideFlags: 0
  m_PrefabParentObject: {fileID: 19800000, guid: 284f77b37e2aa8847b9814510eb94b9b,
    type: 2}
  m_PrefabInternal: {fileID: 474600009}
  m_GameObject: {fileID: 2004198750}
  lengthInSec: 5
  startDelay: 0
  speed: 1
  randomSeed: 0
  looping: 1
  prewarm: 0
  playOnAwake: 1
  moveWithTransform: 0
  InitialModule:
    enabled: 1
    startLifetime:
      scalar: .5
      maxCurve:
        serializedVersion: 2
        m_Curve:
        - time: 0
          value: 1
          inSlope: 0
          outSlope: 0
          tangentMode: 0
        - time: 1
          value: 1
          inSlope: 0
          outSlope: 0
          tangentMode: 0
        m_PreInfinity: 2
        m_PostInfinity: 2
      minCurve:
        serializedVersion: 2
        m_Curve:
        - time: 0
          value: 0
          inSlope: 0
          outSlope: 0
          tangentMode: 0
        - time: 1
          value: 0
          inSlope: 0
          outSlope: 0
          tangentMode: 0
        m_PreInfinity: 2
        m_PostInfinity: 2
      minMaxState: 0
    startSpeed:
      scalar: 4
      maxCurve:
        serializedVersion: 2
        m_Curve:
        - time: 0
          value: 1
          inSlope: 0
          outSlope: 0
          tangentMode: 0
        - time: 1
          value: 1
          inSlope: 0
          outSlope: 0
          tangentMode: 0
        m_PreInfinity: 2
        m_PostInfinity: 2
      minCurve:
        serializedVersion: 2
        m_Curve:
        - time: 0
          value: 0
          inSlope: 0
          outSlope: 0
          tangentMode: 0
        - time: 1
          value: 0
          inSlope: 0
          outSlope: 0
          tangentMode: 0
        m_PreInfinity: 2
        m_PostInfinity: 2
      minMaxState: 0
    startColor:
      maxGradient:
        key0:
          serializedVersion: 2
          rgba: 4294967295
        key1:
          serializedVersion: 2
          rgba: 4294967295
        key2:
          serializedVersion: 2
          rgba: 0
        key3:
          serializedVersion: 2
          rgba: 0
        key4:
          serializedVersion: 2
          rgba: 0
        key5:
          serializedVersion: 2
          rgba: 0
        key6:
          serializedVersion: 2
          rgba: 0
        key7:
          serializedVersion: 2
          rgba: 0
        ctime0: 0
        ctime1: 65535
        ctime2: 0
        ctime3: 0
        ctime4: 0
        ctime5: 0
        ctime6: 0
        ctime7: 0
        atime0: 0
        atime1: 65535
        atime2: 0
        atime3: 0
        atime4: 0
        atime5: 0
        atime6: 0
        atime7: 0
        m_NumColorKeys: 2
        m_NumAlphaKeys: 2
      minGradient:
        key0:
          serializedVersion: 2
          rgba: 4294967295
        key1:
          serializedVersion: 2
          rgba: 4294967295
        key2:
          serializedVersion: 2
          rgba: 0
        key3:
          serializedVersion: 2
          rgba: 0
        key4:
          serializedVersion: 2
          rgba: 0
        key5:
          serializedVersion: 2
          rgba: 0
        key6:
          serializedVersion: 2
          rgba: 0
        key7:
          serializedVersion: 2
          rgba: 0
        ctime0: 0
        ctime1: 65535
        ctime2: 0
        ctime3: 0
        ctime4: 0
        ctime5: 0
        ctime6: 0
        ctime7: 0
        atime0: 0
        atime1: 65535
        atime2: 0
        atime3: 0
        atime4: 0
        atime5: 0
        atime6: 0
        atime7: 0
        m_NumColorKeys: 2
        m_NumAlphaKeys: 2
      minColor:
        serializedVersion: 2
        rgba: 4294967295
      maxColor:
        serializedVersion: 2
        rgba: 4294967295
      minMaxState: 0
    startSize:
      scalar: .25
      maxCurve:
        serializedVersion: 2
        m_Curve:
        - time: 0
          value: 1
          inSlope: 0
          outSlope: 0
          tangentMode: 0
        - time: 1
          value: 1
          inSlope: 0
          outSlope: 0
          tangentMode: 0
        m_PreInfinity: 2
        m_PostInfinity: 2
      minCurve:
        serializedVersion: 2
        m_Curve:
        - time: 0
          value: 0
          inSlope: 0
          outSlope: 0
          tangentMode: 0
        - time: 1
          value: 0
          inSlope: 0
          outSlope: 0
          tangentMode: 0
        m_PreInfinity: 2
        m_PostInfinity: 2
      minMaxState: 0
    startRotation:
      scalar: 0
      maxCurve:
        serializedVersion: 2
        m_Curve:
        - time: 0
          value: 1
          inSlope: 0
          outSlope: 0
          tangentMode: 0
        - time: 1
          value: 1
          inSlope: 0
          outSlope: 0
          tangentMode: 0
        m_PreInfinity: 2
        m_PostInfinity: 2
      minCurve:
        serializedVersion: 2
        m_Curve:
        - time: 0
          value: 0
          inSlope: 0
          outSlope: 0
          tangentMode: 0
        - time: 1
          value: 0
          inSlope: 0
          outSlope: 0
          tangentMode: 0
        m_PreInfinity: 2
        m_PostInfinity: 2
      minMaxState: 0
    gravityModifier: .200000003
    inheritVelocity: .100000001
    maxNumParticles: 20
  ShapeModule:
    serializedVersion: 2
    enabled: 0
    type: 4
    radius: 1
    angle: 25
    length: 5
    boxX: 1
    boxY: 1
    boxZ: 1
    placementMode: 0
    m_Mesh: {fileID: 0}
    randomDirection: 0
  EmissionModule:
    enabled: 1
    m_Type: 0
    rate:
      scalar: 20
      maxCurve:
        serializedVersion: 2
        m_Curve:
        - time: 0
          value: 1
          inSlope: 0
          outSlope: 0
          tangentMode: 0
        - time: 1
          value: 1
          inSlope: 0
          outSlope: 0
          tangentMode: 0
        m_PreInfinity: 2
        m_PostInfinity: 2
      minCurve:
        serializedVersion: 2
        m_Curve:
        - time: 0
          value: 0
          inSlope: 0
          outSlope: 0
          tangentMode: 0
        - time: 1
          value: 0
          inSlope: 0
          outSlope: 0
          tangentMode: 0
        m_PreInfinity: 2
        m_PostInfinity: 2
      minMaxState: 0
    cnt0: 30
    cnt1: 30
    cnt2: 30
    cnt3: 30
    time0: 0
    time1: 0
    time2: 0
    time3: 0
    m_BurstCount: 0
  SizeModule:
    enabled: 0
    curve:
      scalar: 1
      maxCurve:
        serializedVersion: 2
        m_Curve:
        - time: 0
          value: 1
          inSlope: 0
          outSlope: 0
          tangentMode: 0
        - time: 1
          value: 1
          inSlope: 0
          outSlope: 0
          tangentMode: 0
        m_PreInfinity: 2
        m_PostInfinity: 2
      minCurve:
        serializedVersion: 2
        m_Curve:
        - time: 0
          value: 0
          inSlope: 0
          outSlope: 0
          tangentMode: 0
        - time: 1
          value: 0
          inSlope: 0
          outSlope: 0
          tangentMode: 0
        m_PreInfinity: 2
        m_PostInfinity: 2
      minMaxState: 1
  RotationModule:
    enabled: 0
    curve:
      scalar: .785398185
      maxCurve:
        serializedVersion: 2
        m_Curve:
        - time: 0
          value: 1
          inSlope: 0
          outSlope: 0
          tangentMode: 0
        - time: 1
          value: 1
          inSlope: 0
          outSlope: 0
          tangentMode: 0
        m_PreInfinity: 2
        m_PostInfinity: 2
      minCurve:
        serializedVersion: 2
        m_Curve:
        - time: 0
          value: 0
          inSlope: 0
          outSlope: 0
          tangentMode: 0
        - time: 1
          value: 0
          inSlope: 0
          outSlope: 0
          tangentMode: 0
        m_PreInfinity: 2
        m_PostInfinity: 2
      minMaxState: 0
  ColorModule:
    enabled: 1
    gradient:
      maxGradient:
        key0:
          serializedVersion: 2
          rgba: 4294967295
        key1:
          serializedVersion: 2
          rgba: 4283674799
        key2:
          serializedVersion: 2
          rgba: 4278190335
        key3:
          serializedVersion: 2
          rgba: 0
        key4:
          serializedVersion: 2
          rgba: 0
        key5:
          serializedVersion: 2
          rgba: 0
        key6:
          serializedVersion: 2
          rgba: 0
        key7:
          serializedVersion: 2
          rgba: 0
        ctime0: 0
        ctime1: 30069
        ctime2: 65535
        ctime3: 0
        ctime4: 0
        ctime5: 0
        ctime6: 0
        ctime7: 0
        atime0: 0
        atime1: 36623
        atime2: 65535
        atime3: 0
        atime4: 0
        atime5: 0
        atime6: 0
        atime7: 0
        m_NumColorKeys: 3
        m_NumAlphaKeys: 3
      minGradient:
        key0:
          serializedVersion: 2
          rgba: 4294967295
        key1:
          serializedVersion: 2
          rgba: 4294967295
        key2:
          serializedVersion: 2
          rgba: 0
        key3:
          serializedVersion: 2
          rgba: 0
        key4:
          serializedVersion: 2
          rgba: 0
        key5:
          serializedVersion: 2
          rgba: 0
        key6:
          serializedVersion: 2
          rgba: 0
        key7:
          serializedVersion: 2
          rgba: 0
        ctime0: 0
        ctime1: 65535
        ctime2: 0
        ctime3: 0
        ctime4: 0
        ctime5: 0
        ctime6: 0
        ctime7: 0
        atime0: 0
        atime1: 65535
        atime2: 0
        atime3: 0
        atime4: 0
        atime5: 0
        atime6: 0
        atime7: 0
        m_NumColorKeys: 2
        m_NumAlphaKeys: 2
      minColor:
        serializedVersion: 2
        rgba: 4294967295
      maxColor:
        serializedVersion: 2
        rgba: 4294967295
      minMaxState: 1
  UVModule:
    enabled: 0
    frameOverTime:
      scalar: 1
      maxCurve:
        serializedVersion: 2
        m_Curve:
        - time: 0
          value: 0
          inSlope: 0
          outSlope: 1
          tangentMode: 0
        - time: 1
          value: 1
          inSlope: 1
          outSlope: 0
          tangentMode: 0
        m_PreInfinity: 2
        m_PostInfinity: 2
      minCurve:
        serializedVersion: 2
        m_Curve:
        - time: 0
          value: 0
          inSlope: 0
          outSlope: 1
          tangentMode: 0
        - time: 1
          value: 1
          inSlope: 1
          outSlope: 0
          tangentMode: 0
        m_PreInfinity: 2
        m_PostInfinity: 2
      minMaxState: 1
    tilesX: 1
    tilesY: 1
    animationType: 0
    rowIndex: 0
    cycles: 1
    randomRow: 1
  VelocityModule:
    enabled: 0
    x:
      scalar: 0
      maxCurve:
        serializedVersion: 2
        m_Curve:
        - time: 0
          value: 1
          inSlope: 0
          outSlope: 0
          tangentMode: 0
        - time: 1
          value: 1
          inSlope: 0
          outSlope: 0
          tangentMode: 0
        m_PreInfinity: 2
        m_PostInfinity: 2
      minCurve:
        serializedVersion: 2
        m_Curve:
        - time: 0
          value: 0
          inSlope: 0
          outSlope: 0
          tangentMode: 0
        - time: 1
          value: 0
          inSlope: 0
          outSlope: 0
          tangentMode: 0
        m_PreInfinity: 2
        m_PostInfinity: 2
      minMaxState: 0
    y:
      scalar: 0
      maxCurve:
        serializedVersion: 2
        m_Curve:
        - time: 0
          value: 1
          inSlope: 0
          outSlope: 0
          tangentMode: 0
        - time: 1
          value: 1
          inSlope: 0
          outSlope: 0
          tangentMode: 0
        m_PreInfinity: 2
        m_PostInfinity: 2
      minCurve:
        serializedVersion: 2
        m_Curve:
        - time: 0
          value: 0
          inSlope: 0
          outSlope: 0
          tangentMode: 0
        - time: 1
          value: 0
          inSlope: 0
          outSlope: 0
          tangentMode: 0
        m_PreInfinity: 2
        m_PostInfinity: 2
      minMaxState: 0
    z:
      scalar: 0
      maxCurve:
        serializedVersion: 2
        m_Curve:
        - time: 0
          value: 1
          inSlope: 0
          outSlope: 0
          tangentMode: 0
        - time: 1
          value: 1
          inSlope: 0
          outSlope: 0
          tangentMode: 0
        m_PreInfinity: 2
        m_PostInfinity: 2
      minCurve:
        serializedVersion: 2
        m_Curve:
        - time: 0
          value: 0
          inSlope: 0
          outSlope: 0
          tangentMode: 0
        - time: 1
          value: 0
          inSlope: 0
          outSlope: 0
          tangentMode: 0
        m_PreInfinity: 2
        m_PostInfinity: 2
      minMaxState: 0
    inWorldSpace: 0
  ForceModule:
    enabled: 0
    x:
      scalar: 0
      maxCurve:
        serializedVersion: 2
        m_Curve:
        - time: 0
          value: 1
          inSlope: 0
          outSlope: 0
          tangentMode: 0
        - time: 1
          value: 1
          inSlope: 0
          outSlope: 0
          tangentMode: 0
        m_PreInfinity: 2
        m_PostInfinity: 2
      minCurve:
        serializedVersion: 2
        m_Curve:
        - time: 0
          value: 0
          inSlope: 0
          outSlope: 0
          tangentMode: 0
        - time: 1
          value: 0
          inSlope: 0
          outSlope: 0
          tangentMode: 0
        m_PreInfinity: 2
        m_PostInfinity: 2
      minMaxState: 0
    y:
      scalar: 0
      maxCurve:
        serializedVersion: 2
        m_Curve:
        - time: 0
          value: 1
          inSlope: 0
          outSlope: 0
          tangentMode: 0
        - time: 1
          value: 1
          inSlope: 0
          outSlope: 0
          tangentMode: 0
        m_PreInfinity: 2
        m_PostInfinity: 2
      minCurve:
        serializedVersion: 2
        m_Curve:
        - time: 0
          value: 0
          inSlope: 0
          outSlope: 0
          tangentMode: 0
        - time: 1
          value: 0
          inSlope: 0
          outSlope: 0
          tangentMode: 0
        m_PreInfinity: 2
        m_PostInfinity: 2
      minMaxState: 0
    z:
      scalar: 0
      maxCurve:
        serializedVersion: 2
        m_Curve:
        - time: 0
          value: 1
          inSlope: 0
          outSlope: 0
          tangentMode: 0
        - time: 1
          value: 1
          inSlope: 0
          outSlope: 0
          tangentMode: 0
        m_PreInfinity: 2
        m_PostInfinity: 2
      minCurve:
        serializedVersion: 2
        m_Curve:
        - time: 0
          value: 0
          inSlope: 0
          outSlope: 0
          tangentMode: 0
        - time: 1
          value: 0
          inSlope: 0
          outSlope: 0
          tangentMode: 0
        m_PreInfinity: 2
        m_PostInfinity: 2
      minMaxState: 0
    inWorldSpace: 0
    randomizePerFrame: 0
  ExternalForcesModule:
    enabled: 0
    multiplier: 1
  ClampVelocityModule:
    enabled: 0
    x:
      scalar: 1
      maxCurve:
        serializedVersion: 2
        m_Curve:
        - time: 0
          value: 1
          inSlope: 0
          outSlope: 0
          tangentMode: 0
        - time: 1
          value: 1
          inSlope: 0
          outSlope: 0
          tangentMode: 0
        m_PreInfinity: 2
        m_PostInfinity: 2
      minCurve:
        serializedVersion: 2
        m_Curve:
        - time: 0
          value: 0
          inSlope: 0
          outSlope: 0
          tangentMode: 0
        - time: 1
          value: 0
          inSlope: 0
          outSlope: 0
          tangentMode: 0
        m_PreInfinity: 2
        m_PostInfinity: 2
      minMaxState: 0
    y:
      scalar: 1
      maxCurve:
        serializedVersion: 2
        m_Curve:
        - time: 0
          value: 1
          inSlope: 0
          outSlope: 0
          tangentMode: 0
        - time: 1
          value: 1
          inSlope: 0
          outSlope: 0
          tangentMode: 0
        m_PreInfinity: 2
        m_PostInfinity: 2
      minCurve:
        serializedVersion: 2
        m_Curve:
        - time: 0
          value: 0
          inSlope: 0
          outSlope: 0
          tangentMode: 0
        - time: 1
          value: 0
          inSlope: 0
          outSlope: 0
          tangentMode: 0
        m_PreInfinity: 2
        m_PostInfinity: 2
      minMaxState: 0
    z:
      scalar: 1
      maxCurve:
        serializedVersion: 2
        m_Curve:
        - time: 0
          value: 1
          inSlope: 0
          outSlope: 0
          tangentMode: 0
        - time: 1
          value: 1
          inSlope: 0
          outSlope: 0
          tangentMode: 0
        m_PreInfinity: 2
        m_PostInfinity: 2
      minCurve:
        serializedVersion: 2
        m_Curve:
        - time: 0
          value: 0
          inSlope: 0
          outSlope: 0
          tangentMode: 0
        - time: 1
          value: 0
          inSlope: 0
          outSlope: 0
          tangentMode: 0
        m_PreInfinity: 2
        m_PostInfinity: 2
      minMaxState: 0
    magnitude:
      scalar: 1
      maxCurve:
        serializedVersion: 2
        m_Curve:
        - time: 0
          value: 1
          inSlope: 0
          outSlope: 0
          tangentMode: 0
        - time: 1
          value: 1
          inSlope: 0
          outSlope: 0
          tangentMode: 0
        m_PreInfinity: 2
        m_PostInfinity: 2
      minCurve:
        serializedVersion: 2
        m_Curve:
        - time: 0
          value: 0
          inSlope: 0
          outSlope: 0
          tangentMode: 0
        - time: 1
          value: 0
          inSlope: 0
          outSlope: 0
          tangentMode: 0
        m_PreInfinity: 2
        m_PostInfinity: 2
      minMaxState: 0
    separateAxis: 0
    inWorldSpace: 0
    dampen: 1
  SizeBySpeedModule:
    enabled: 0
    curve:
      scalar: 1
      maxCurve:
        serializedVersion: 2
        m_Curve:
        - time: 0
          value: 1
          inSlope: 0
          outSlope: 0
          tangentMode: 0
        - time: 1
          value: 1
          inSlope: 0
          outSlope: 0
          tangentMode: 0
        m_PreInfinity: 2
        m_PostInfinity: 2
      minCurve:
        serializedVersion: 2
        m_Curve:
        - time: 0
          value: 0
          inSlope: 0
          outSlope: 0
          tangentMode: 0
        - time: 1
          value: 0
          inSlope: 0
          outSlope: 0
          tangentMode: 0
        m_PreInfinity: 2
        m_PostInfinity: 2
      minMaxState: 1
    range: {x: 0, y: 1}
  RotationBySpeedModule:
    enabled: 0
    curve:
      scalar: .785398185
      maxCurve:
        serializedVersion: 2
        m_Curve:
        - time: 0
          value: 1
          inSlope: 0
          outSlope: 0
          tangentMode: 0
        - time: 1
          value: 1
          inSlope: 0
          outSlope: 0
          tangentMode: 0
        m_PreInfinity: 2
        m_PostInfinity: 2
      minCurve:
        serializedVersion: 2
        m_Curve:
        - time: 0
          value: 0
          inSlope: 0
          outSlope: 0
          tangentMode: 0
        - time: 1
          value: 0
          inSlope: 0
          outSlope: 0
          tangentMode: 0
        m_PreInfinity: 2
        m_PostInfinity: 2
      minMaxState: 0
    range: {x: 0, y: 1}
  ColorBySpeedModule:
    enabled: 0
    gradient:
      maxGradient:
        key0:
          serializedVersion: 2
          rgba: 4294967295
        key1:
          serializedVersion: 2
          rgba: 4294967295
        key2:
          serializedVersion: 2
          rgba: 0
        key3:
          serializedVersion: 2
          rgba: 0
        key4:
          serializedVersion: 2
          rgba: 0
        key5:
          serializedVersion: 2
          rgba: 0
        key6:
          serializedVersion: 2
          rgba: 0
        key7:
          serializedVersion: 2
          rgba: 0
        ctime0: 0
        ctime1: 65535
        ctime2: 0
        ctime3: 0
        ctime4: 0
        ctime5: 0
        ctime6: 0
        ctime7: 0
        atime0: 0
        atime1: 65535
        atime2: 0
        atime3: 0
        atime4: 0
        atime5: 0
        atime6: 0
        atime7: 0
        m_NumColorKeys: 2
        m_NumAlphaKeys: 2
      minGradient:
        key0:
          serializedVersion: 2
          rgba: 4294967295
        key1:
          serializedVersion: 2
          rgba: 4294967295
        key2:
          serializedVersion: 2
          rgba: 0
        key3:
          serializedVersion: 2
          rgba: 0
        key4:
          serializedVersion: 2
          rgba: 0
        key5:
          serializedVersion: 2
          rgba: 0
        key6:
          serializedVersion: 2
          rgba: 0
        key7:
          serializedVersion: 2
          rgba: 0
        ctime0: 0
        ctime1: 65535
        ctime2: 0
        ctime3: 0
        ctime4: 0
        ctime5: 0
        ctime6: 0
        ctime7: 0
        atime0: 0
        atime1: 65535
        atime2: 0
        atime3: 0
        atime4: 0
        atime5: 0
        atime6: 0
        atime7: 0
        m_NumColorKeys: 2
        m_NumAlphaKeys: 2
      minColor:
        serializedVersion: 2
        rgba: 4294967295
      maxColor:
        serializedVersion: 2
        rgba: 4294967295
      minMaxState: 1
    range: {x: 0, y: 1}
  CollisionModule:
    enabled: 0
    type: 0
    plane0: {fileID: 0}
    plane1: {fileID: 0}
    plane2: {fileID: 0}
    plane3: {fileID: 0}
    plane4: {fileID: 0}
    plane5: {fileID: 0}
    dampen: 0
    bounce: 1
    energyLossOnCollision: 0
    minKillSpeed: 0
    particleRadius: .00999999978
    collidesWith:
      serializedVersion: 2
      m_Bits: 4294967295
    quality: 0
    voxelSize: .5
    collisionMessages: 0
  SubModule:
    enabled: 0
    subEmitterBirth: {fileID: 0}
    subEmitterBirth1: {fileID: 0}
    subEmitterCollision: {fileID: 0}
    subEmitterCollision1: {fileID: 0}
    subEmitterDeath: {fileID: 0}
    subEmitterDeath1: {fileID: 0}
--- !u!4 &2004198752
Transform:
  m_ObjectHideFlags: 0
  m_PrefabParentObject: {fileID: 400002, guid: 284f77b37e2aa8847b9814510eb94b9b, type: 2}
  m_PrefabInternal: {fileID: 474600009}
  m_GameObject: {fileID: 2004198750}
  m_LocalRotation: {x: 0, y: -.707106829, z: 0, w: .707106829}
  m_LocalPosition: {x: 0, y: .953487933, z: 0}
  m_LocalScale: {x: 1, y: 1, z: 1}
  m_Children: []
  m_Father: {fileID: 1319956755}
--- !u!199 &2004198753
ParticleSystemRenderer:
  m_ObjectHideFlags: 0
  m_PrefabParentObject: {fileID: 19900000, guid: 284f77b37e2aa8847b9814510eb94b9b,
    type: 2}
  m_PrefabInternal: {fileID: 474600009}
  m_GameObject: {fileID: 2004198750}
  m_Enabled: 1
  m_CastShadows: 0
  m_ReceiveShadows: 0
  m_LightmapIndex: 255
  m_LightmapTilingOffset: {x: 1, y: 1, z: 0, w: 0}
  m_Materials:
  - {fileID: 10301, guid: 0000000000000000f000000000000000, type: 0}
  m_SubsetIndices: 
  m_StaticBatchRoot: {fileID: 0}
  m_UseLightProbes: 0
  m_LightProbeAnchor: {fileID: 0}
  m_ScaleInLightmap: 1
  m_SortingLayer: 0
  m_SortingOrder: 0
  m_SortingLayerID: 0
  m_RenderMode: 0
  m_MaxParticleSize: .5
  m_CameraVelocityScale: 0
  m_VelocityScale: 0
  m_LengthScale: 2
  m_SortingFudge: 0
  m_NormalDirection: 1
  m_SortMode: 0
  m_Mesh: {fileID: 0}
  m_Mesh1: {fileID: 0}
  m_Mesh2: {fileID: 0}
  m_Mesh3: {fileID: 0}
--- !u!1001 &2018557120
Prefab:
  m_ObjectHideFlags: 0
  serializedVersion: 2
  m_Modification:
    m_TransformParent: {fileID: 0}
    m_Modifications:
    - target: {fileID: 400000, guid: 52d8b7720e8126b42a4da4c4b959a21b, type: 3}
      propertyPath: m_LocalPosition.x
      value: -.172937214
      objectReference: {fileID: 0}
    - target: {fileID: 400000, guid: 52d8b7720e8126b42a4da4c4b959a21b, type: 3}
      propertyPath: m_LocalPosition.y
      value: 0
      objectReference: {fileID: 0}
    - target: {fileID: 400000, guid: 52d8b7720e8126b42a4da4c4b959a21b, type: 3}
      propertyPath: m_LocalPosition.z
      value: .0195143819
      objectReference: {fileID: 0}
    - target: {fileID: 400000, guid: 52d8b7720e8126b42a4da4c4b959a21b, type: 3}
      propertyPath: m_LocalRotation.x
      value: 0
      objectReference: {fileID: 0}
    - target: {fileID: 400000, guid: 52d8b7720e8126b42a4da4c4b959a21b, type: 3}
      propertyPath: m_LocalRotation.y
      value: -0
      objectReference: {fileID: 0}
    - target: {fileID: 400000, guid: 52d8b7720e8126b42a4da4c4b959a21b, type: 3}
      propertyPath: m_LocalRotation.z
      value: -0
      objectReference: {fileID: 0}
    - target: {fileID: 400000, guid: 52d8b7720e8126b42a4da4c4b959a21b, type: 3}
      propertyPath: m_LocalRotation.w
      value: 1
      objectReference: {fileID: 0}
    m_RemovedComponents: []
  m_ParentPrefab: {fileID: 100100000, guid: 52d8b7720e8126b42a4da4c4b959a21b, type: 3}
  m_RootGameObject: {fileID: 944039352}
  m_IsPrefabParent: 0
  m_IsExploded: 1
